3436 5404
787 563 947 638 ,96-

331 723 408 813 jam
425 719 461 788 in
471 719 722 791 Institutione
736 721 913 809 foemineo
926 720 1153 792 ottristionoe
1168 719 1407 812 reperiuntur.

337 845 427 916 Vide
446 835 546 916 enim'
558 867 637 936 quae
655 867 717 938 per
731 843 910 937 epistolas
929 867 990 939 per
1005 865 1194 926 sermones,
1218 865 1279 937 per
1294 841 1409 914 collo-

338 969 421 1062 quia
450 968 616 1062 sparserit
645 968 687 1039 de
706 968 867 1040 doctrina
885 967 1011 1063 puellis
1030 974 1125 1060 apta,
1148 989 1217 1060 qua
1242 965 1412 1038 absolutae

336 1091 524 1163 evaderent
542 1098 578 1162 et
595 1099 717 1162 contra
741 1091 858 1164 varios
882 1090 965 1162 vitae
985 1112 1088 1162 casus
1108 1089 1342 1171 munirentur,
1365 1088 1408 1157 de

338 1216 487 1288 lectione
520 1238 626 1310 quam
650 1222 684 1287 et
716 1214 838 1287 utilem
866 1221 900 1288 et
928 1213 1139 1308 frugiferam
1172 1213 1329 1308 putabat,
1367 1213 1409 1283 de

339 1341 528 1413 domestica
543 1363 580 1411 re
595 1341 752 1412 curanda
767 1363 836 1433 qua
846 1339 1005 1411 nativum
1022 1338 1180 1431 vigorem
1192 1344 1407 1418 exercerent,

338 1465 381 1536 de
400 1465 542 1557 pietate,
560 1463 603 1534 de
618 1462 744 1534 morali
764 1463 911 1535 scientia
930 1463 966 1532 in
986 1485 1055 1555 qua
1074 1462 1262 1546 eminebat,
1285 1460 1327 1532 de
1346 1483 1411 1532 usu

341 1611 472 1672 rerum,
490 1587 533 1658 de
552 1587 705 1658 fortuitis
724 1586 889 1675 ferendis,
909 1577 952 1658 de
966 1608 1156 1679 puerorum
1174 1585 1407 1670 institutione,

340 1713 369 1783 si
393 1713 577 1795 haberent,
605 1712 895 1804 quemadmodum
914 1712 992 1782 illos
1012 1709 1191 1782 efficerent
1214 1733 1283 1780 non
1306 1710 1410 1780 locu—

338 1837 459 1932 pletes,
481 1859 593 1928 neque
612 1835 710 1906 civili
729 1836 901 1929 dignitate
916 1836 1094 1919 honestos,
1114 1837 1174 1907 sed
1190 1837 1331 1928 probos,
1350 1835 1410 1906 sed

339 1963 429 2056 pios
451 1961 510 2032 sed
529 1960 624 2030 omni
645 1961 772 2031 virtute
796 1961 978 2054 praeditae,
1007 1961 1179 2053 probeque
1198 1961 1275 2053 jam
1294 1981 1412 2050 agno-

345 2087 437 2156 veris
453 2107 557 2178 quam
577 2083 689 2155 multa
703 2086 871 2156 ambobus
889 2085 1090 2157 communia
1104 2083 1245 2156 fuerint.

389 2207 454 2282 His¹
482 2217 600 2282 autem
637 2210 800 2282 omnibus
833 2220 914 2281 euin
942 2210 1179 2280 addiderimus
1210 2209 1339 2290 virum,
1374 2215 1413 2278 ut

344 2343 488 2406 caeteros
520 2335 736 2418 omittamus,
771 2312 947 2429 imprimis
976 2335 1163 2405 honestum
1186 2333 1414 2425 eumdemque

341 2460 630 2546 eruditissimum,
662 2466 696 2529 et
724 2459 855 2552 graecis
883 2459 1009 2532 litteris
1037 2465 1072 2530 et
1104 2459 1224 2529 latinis
1252 2463 1414 2528 ornatum

342 2584 630 2676 antiquitatisque
654 2583 818 2676 peritum,
840 2585 984 2654 omnino
1007 2584 1121 2654 virum
1142 2583 1195 2676 (l)
1214 2581 1410 2676 egregium.

342 2709 503 2799 Namque
526 2707 556 2776 si
579 2729 622 2778 ea
644 2706 814 2780 evolveris
833 2703 943 2801 'atque
966 2709 1003 2780 in
1031 2731 1141 2780 unum
1161 2707 1262 2800 quasi
1288 2727 1414 2799 corpus

341 2833 645 2924 coagmentaveris
666 2855 745 2924 quae
766 2855 836 2903 non
856 2833 893 2904 in
914 2856 984 2905 uno
998 2833 1168 2926 explicuit
1188 2831 1290 2916 libre,
1309 2851 1414 2923 quam

302 2953 305 2962 ’
342 2954 454 3028 multa
481 2978 561 3034 curn
589 2957 840 3029 Institutione
870 2960 1047 3046 foemineo
1079 2958 1316 3030 ottristinnoe
1338 2977 1417 3024 eon·

342 3103 469 3173 gruere
492 3082 721 3175 compereris!
748 3083 830 3152 tam
854 3105 949 3166 vere,
983 3103 1020 3154 ut
1050 3083 1160 3154 Vives
1187 3081 1284 3166 olim,
1312 3080 1417 3151 sicet

342 3209 416 3300 ipse
432 3229 501 3277 non
519 3206 596 3278 leve
612 3207 785 3299 quoddam
801 3214 835 3279 et
849 3209 1026 3302 jocosum,
1040 3208 1099 3280 sed
1114 3207 1245 3279 serium
1260 3215 1295 3276 et
1308 3228 1417 3299 grave

342 3334 497 3405 discendi
517 3357 629 3427 genus
648 3335 837 3420 ordinavit,
861 3359 924 3408 nec
940 3359 1047 3408 unam
1070 3360 1089 3408 e
1113 3335 1234 3409 multis
1248 3336 1417 3412 erudien-

343 3460 424 3530 dam
439 3459 593 3552 suscepit
619 3458 815 3546 mulierem,
837 3460 896 3531 sed
914 3461 1079 3544 nobilem,
1103 3462 1260 3547 divitem,
1286 3461 1417 3533 illustri

343 3585 419 3654 loco
434 3591 560 3667 ortam,
576 3584 633 3655 cui
654 3607 723 3656 non
739 3583 819 3656 vilis
835 3609 876 3656 ac
899 3587 1106 3670 communie,
1128 3595 1165 3659 at
1179 3588 1366 3681 magnifica
1384 3594 1419 3660 et

345 3713 599 3806 quodammodo
618 3736 789 3808 generosa
808 3713 1005 3806 disciplinae
1029 3715 1118 3785 ratio
1137 3714 1312 3786 convenit.
1335 3715 1416 3786 Non

344 3837 435 3930 quod
471 3837 508 3907 in
542 3837 661 3908 animo
694 3837 885 3909 informare
915 3838 1081 3909 habuerit
1109 3838 1284 3911 nescimus
1312 3861 1417 3931 quam

344 3963 481 4034 doctam
508 3961 707 4046 mulierem,
740 3985 817 4056 quae
849 3992 865 4028 «
897 3970 1036 4035 curtum
1061 3985 1219 4036 sermone
1252 3969 1365 4034 rotato
1397 3991 1414 4026 »
1516 3975 1518 3980 ’

343 4095 521 4178 torqueret
550 4115 566 4150 «
602 4087 826 4181 enthymema
862 4087 914 4180 (2)
949 4113 990 4177 »3
1021 4085 1117 4157 illam
1145 4087 1260 4180 potius
1281 4087 1419 4158 effinxit

375 4287 409 4350 (l)
427 4289 606 4352 Dupanloup,
633 4290 774 4352 Qnetqnes
789 4289 913 4339 oonseits
938 4304 998 4339 anx
1018 4293 1140 4351 somnies
1162 4289 1346 4340 chrc'tiennes
1369 4289 1421 4351 qni

343 4377 442 4427 vivent
452 4381 526 4427 dans
542 4381 568 4432 16
583 4381 689 4428 monde
700 4392 754 4428 snr
769 4379 795 4426 te
811 4379 918 4428 trovoit
930 4379 1107 4430 intellectuat
1118 4380 1169 4442 qni
1190 4382 1256 4430 teni
1274 4379 1419 4429 convient.

375 4467 410 4525 (2)
428 4467 529 4516 iuven.
546 4469 604 4516 Sot.
626 4469 674 4517 VJ.
