3436 5404
781 583 944 643 ..95-

370 738 506 809 Nonne
524 738 616 808 enim
632 739 821 826 acutusille
838 742 934 812 viret
945 749 1073 830 natura
1093 766 1224 837 usuque
1235 745 1398 832 callidus,

322 861 452 934 Fenelo
472 862 539 956 (1),
571 863 657 934 adeo
686 888 765 935 cum
787 866 876 937 Vive
901 867 1094 938 consentire
1123 869 1273 955 videtur,
1300 873 1395 942 utin

322 988 448 1059 iisdem
471 987 543 1058 fere
571 989 820 1072 fundamentis,
839 990 964 1081 quibus
987 996 1022 1061 et
1045 991 1119 1083 ipse
1143 991 1264 1078 Vives,
1293 1017 1393 1066 suam

287 1157 290 1162 -
325 1112 520 1206 disciplinae
550 1114 721 1184 rationem
744 1113 924 1205 posuerit?
948 1115 1084 1208 Quippe
1103 1115 1139 1186 in
1160 1115 1220 1187 illo
1250 1120 1394 1212 egregio

324 1237 455 1326 libello,
477 1259 578 1330 quem
599 1239 676 1331 jam
690 1261 798 1332 prope
816 1239 1010 1332 perfectum
1029 1240 1144 1311 dicere
1164 1242 1325 1327 auderes,
1349 1244 1392 1313 ab

325 1361 449 1432 iisdem
477 1362 659 1456 principiis
687 1363 834 1450 orditur,
867 1371 907 1434 ut
934 1363 1092 1433 maxima
1116 1370 1150 1435 et
1174 1365 1394 1458 amplissima

324 1489 566 1559 tantummodo
594 1487 862 1579 amplectamur,
885 1510 948 1558 nec
972 1509 1043 1558 non
1058 1488 1103 1558 ad
1122 1489 1214 1560 idem
1243 1497 1390 1582 spectat.

324 1613 409 1692 Quis
426 1617 520 1685 enim
536 1635 605 1684 non
620 1613 772 1684 fateatur
787 1615 824 1683 in
844 1614 931 1685 duas
946 1621 1063 1706 partes
1083 1614 1194 1684 dividi
1208 1638 1311 1708 posse
1331 1639 1395 1686 ra—

322 1738 453 1809 tionem
485 1740 586 1833 cujus
614 1745 736 1808 auctor
759 1737 826 1810 fuit
856 1739 1020 1809 nostrast
1043 1739 1125 1809 Jam
1144 1762 1237 1836 bvero
1261 1742 1396 1812 cunctis

323 1861 449 1955 puellis
463 1860 679 1955 propositum
694 1867 746 1932 est
764 1861 866 1945 illud,
890 1867 929 1933 ut
949 1862 1203 1954 grammaticae,
1228 1863 1394 1934 arithme-

321 1987 413 2070 ticae,
444 1986 693 2079 religionisque
716 1986 915 2058 rudimenta
945 2008 1013 2055 non
1040 1986 1182 2057 omnino
1206 1987 1390 2084 ignorent3

322 2111 366 2182 iis
394 2120 512 2184 autem
540 2135 620 2205 quae
650 2112 723 2182 sive
742 2112 778 2181 in
799 2111 896 2195 aula,
920 2111 993 2182 sive
1027 2112 1063 2181 in
1093 2112 1179 2184 urbe
1205 2113 1336 2198 vivent,
1356 2122 1395 2185 ut

306 2259 494 2329 graecam,
530 2235 691 2318 latinam,
720 2234 1165 2327 gallicamquehistoriam
1184 2235 1386 2321 odorentur,

322 2367 356 2431 et
378 2362 463 2431 item
487 2369 678 2446 oratorum,
705 2370 887 2454 poetarum
903 2361 1258 2455 philosophorumque
1279 2385 1386 2456 opera

320 2483 484 2556 delibent.
508 2485 600 2556 lllud
624 2486 771 2579 denique
786 2486 953 2557 ambobus
969 2507 1151 2556 commune
1165 2486 1386 2578 potissimum

320 2616 373 2680 est
407 2610 497 2701 quod
526 2607 721 2693 mulierem,
754 2632 822 2680 non
859 2609 1104 2680 mulierculam
1136 2609 1320 2681 instituere
1346 2612 1383 2680 in

319 2735 437 2805 animo
449 2734 598 2816 habent,
616 2734 885 2827 necquidquam
901 2740 1044 2804 monent
1066 2733 1267 2804 accuratius
1282 2757 1390 2826 quam

319 2867 358 2932 ut
370 2853 500 2954 puella,
521 2882 629 2952 quum
651 2866 760 2953 nupta
783 2860 863 2942 erit,
884 2869 998 2930 mente
1021 2865 1093 2929 tota
1107 2865 1142 2929 et
1165 2859 1280 2940 studio
1295 2859 1389 2929 omni

318 2985 354 3054 in
374 2984 601 3056 domesticam
622 3007 695 3056 rem
710 2984 900 3056 incumbat.

367 3109 471 3181 Hunc
500 3109 658 3202 proxime
688 3110 846 3180 insecuta
876 3115 930 3178 est
958 3104 1085 3178 mulier
1113 3107 1166 3201 (2)
1186 3106 1262 3192 illa,
1291 3131 1381 3201 quae,
1478 3097 1482 3106 ’

318 3257 427 3327 quum
456 3233 545 3305 nihil
570 3234 688 3316 inane,
725 3230 815 3303 nihil
842 3233 917 3303 sine
951 3253 1072 3313 causa,
1100 3230 1191 3302 nihil
1221 3255 1389 3326 superva-

317 3382 464 3432 caneum
480 3360 516 3429 in
532 3359 650 3430 animo
669 3359 881 3443 admitteret,
897 3380 961 3429 nec
980 3357 1089 3429 nubes
1104 3363 1273 3451 captaret,
1291 3359 1387 3428 intra

317 3484 529 3577 quotidianae
558 3483 721 3556 utilitatis
744 3483 831 3554 fines
858 3504 959 3553 suam
983 3481 1206 3575 disciplinam
1227 3480 1381 3552 inclusit.

316 3610 543 3697 Praeclaram,
572 3607 785 3693 mehercule,
813 3607 1035 3699 magistram,
1056 3606 1243 3700 prudentia
1265 3606 1386 3678 divina

314 3748 348 3809 et
358 3735 550 3809 altamente
560 3737 746 3808 necminus
756 3735 857 3806 firmo
866 3733 1213 3830 judiciopraeditam!
1227 3735 1384 3827 Excepto

313 3871 431 3935 autem
464 3864 554 3955 quod
589 3863 680 3934 seria
704 3861 810 3955 longe
840 3861 999 3955 rejecerit
1030 3860 1146 3931 studia
1174 3882 1253 3952 quae
1279 3882 1380 3930 com-

311 3989 538 4059 mendaverat
560 3987 680 4071 Vives
716 3994 843 4058 caetera
870 3985 942 4057 fere
955 3985 1099 4057 retinuit
1118 3991 1292 4078 praecepta
1305 4007 1383 4076 quae

250 4217 253 4223 Ι
339 4247 373 4309 (1)
388 4245 520 4295 Fenelon.
539 4245 580 4294 De
593 4245 773 4293 l'Education
788 4246 839 4293 des
854 4245 939 4304 filleS.

339 4336 374 4398 (2)
391 4333 546 4384 Maintenon
562 4332 700 4396 (Madame
715 4331 766 4391 de),
785 4333 896 4380 Lectres
914 4335 940 4378 ct
961 4329 1120 4379 alterations
1133 4342 1185 4377 sur
1197 4328 1378 4376 l'Educatiorz

308 4426 357 4473 des
370 4425 455 4485 filles,
474 4437 524 4486 par
540 4422 589 4470 Th.
606 4419 744 4471 Lavalle'e.
760 4418 849 4477 Paris,
867 4416 938 4468 1861.
