3436 5404
655 1327 812 1404 CAPUT
843 1325 1038 1402 PRIMUM

691 1675 756 1749 De
772 1673 894 1749 Vivis
909 1673 997 1748 vita

356 1933 390 2003 J.
422 1935 463 2030 L
500 1934 620 2018 ViveS,
653 1935 792 2005 natione
816 1939 860 2002 ‘et
889 1954 1016 2024 genere
1047 1930 1244 2020 Hispanus
1267 1929 1378 2023 pridie

307 2060 456 2130 Martias
474 2061 608 2144 Nonas,
626 2058 980 2140 anemonen,
998 2055 1173 2127 Valentiao
1189 2063 1292 2126 natus
1311 2062 1375 2126 est.

308 2185 386 2262 Qua
412 2183 551 2276 quidem
571 2184 669 2268 urbe,
697 2184 859 2277 quamvis
877 2184 913 2254 in
930 2183 1059 2254 multas
1075 2182 1238 2275 regiones
1259 2187 1380 2274 postea

309 2309 510 2390 incurrerit,
525 2309 611 2380 adeo
627 2333 695 2380 non
707 2333 809 2402 aequo
830 2310 948 2380 animo
966 2309 1091 2392 caruit,
1105 2315 1142 2379 ut
1156 2331 1293 2402 semper
1309 2329 1378 2378 non

309 2435 384 2506 sine
402 2457 540 2506 summa
552 2433 741 2529 voluptate,
760 2459 867 2529 quum
883 2435 1023 2506 infirma
1041 2443 1145 2528 atque
1156 2433 1262 2506 etiam
1279 2457 1378 2528 aegra

309 2559 509 2633 valetudine
528 2569 633 2646 esset,
656 2564 732 2656 ejus
754 2593 770 2627 «
788 2561 916 2634 coelum
933 2563 1095 2647 nitidum,
1113 2585 1255 2656 purum,
1278 2562 1375 2652 mite,

308 2685 460 2758 clemens
482 2687 530 2782 (l)
549 2715 564 2751 »
588 2687 765 2758 reminisci
781 2686 920 2759 soleret.

356 2809 580 2882 Nobilissimo
601 2787 694 2882 loco
728 2819 826 2883 ortus
860 2819 924 2896 est,
956 2833 1038 2881 nam
1067 2813 1220 2906 majores
1252 2811 1377 2883 habuit

308 2935 533 3030 amplissimis
551 2935 742 3009 honoribus
762 2938 912 3022 functos
936 2938 995 3030 qui
1009 2959 1114 3030 quum
1130 2960 1261 3031 magno
1281 2936 1374 3020 usui,
1423 2938 1426 2943 ’

307 3068 381 3132 tum
421 3085 501 3132 vero
534 3070 738 3133 ornamento
772 3063 940 3156 Hispanis
972 3062 1187 3155 principibus
1218 3061 1374 3134 fuerunt.

308 3187 414 3258 Patre
430 3186 599 3280 imprimis
619 3210 704 3259 usus
726 3195 792 3270 est,
821 3196 860 3258 ut
882 3195 955 3258 tum
973 3195 1074 3258 erant
1095 3195 1267 3280 tempora,
1285 3210 1306 3257 a
1321 3185 1379 3256 lit-

305 3310 389 3381 teris
405 3333 473 3381 non
494 3310 714 3395 abhorrente,
737 3318 771 3382 et
790 3311 875 3382 adeo
891 3334 1012 3382 severa
1026 3318 1151 3394 matre,
1168 3318 1206 3382 ut
1234 3340 1249 3375 «
1267 3311 1377 3382 nemi-

307 3458 385 3506 nem
405 3435 520 3528 magis
543 3465 559 3499 »
582 3436 722 3530 fugeret
746 3443 850 3529 atque
884 3443 1119 3518 aversaretur,
1149 3458 1257 3528 quum
1288 3445 1379 3509 esset

306 3583 406 3654 puer,
442 3561 502 3631 sed
532 3590 547 3624 «
580 3559 716 3631 nullum
740 3559 923 3631 mortalem
949 3561 1064 3653 magis
1095 3561 1130 3630 in
1157 3559 1267 3632 oculis
1287 3561 1341 3656 (2)
1360 3591 1376 3626 »

306 3691 425 3778 postea
452 3684 585 3756 tulerit.
614 3685 694 3755 Jam
723 3707 790 3755 non
814 3685 998 3756 dubitandi
1019 3683 1117 3758 locus
1142 3694 1207 3769 est,
1231 3686 1315 3779 quin
1336 3689 1380 3757 ab

308 3809 447 3881 ineunte
463 3817 570 3881 aetate
585 3809 743 3880 hauserit
759 3808 923 3881 liberales
939 3831 1033 3881 artes
1052 3811 1177 3903 quibus
1197 3813 1241 3882 ad
1256 3813 1379 3884 huma-

307 3935 451 4006 nitatem
482 3934 679 4028 principum
714 3932 815 4005 liberi
849 3935 1143 4007 informabantur.
1180 3938 1381 4030 Exquisitos

307 4061 400 4132 enim
426 4059 561 4131 audivit
581 4060 781 4153 magistros,
809 4068 844 4132 ot
869 4061 905 4130 in
925 4061 977 4132 eis
999 4061 1258 4158 Hieronymum
1281 4063 1379 4134 Ami-

307 4195 466 4281 guetum‚
489 4186 705 4280 temporibus
735 4185 806 4258 illis
831 4185 1114 4274 disertissimum,
1140 4190 1196 4261 cui
1219 4197 1330 4261 totum
1345 4213 1381 4261 se

307 4311 451 4386 tradidit
462 4310 662 4383 admirabili
672 4312 822 4404 quodam
834 4313 877 4382 ad
888 4312 1025 4384 litteras
1041 4313 1156 4385 studio
1166 4315 1374 4386 concitatus.

225 4548 228 4555 ·
339 4533 375 4596 (1)
391 4531 455 4582 Viv.
474 4533 568 4593 Proef.
585 4533 787 4582 aditomnium
800 4533 956 4596 Scipionis,
968 4533 1001 4584 Τ.
1021 4534 1043 4584 Ι.
1063 4549 1091 4598 p.
1110 4533 1152 4584 20.

339 4621 375 4685 (2)
391 4622 455 4673 Viv.
467 4623 507 4671 Dc
519 4623 591 4671 last.
607 4624 686 4683 foem.
699 4623 809 4684 chrisa,
825 4621 858 4674 L.
876 4621 913 4674 ΙΙ.
932 4623 962 4674 C.
983 4621 1018 4673 Χ.
1036 4621 1072 4672 Τ.
1089 4623 1129 4674 Il.
1150 4638 1179 4688 p.
1195 4623 1255 4673 738.
