3436 5404
681 1275 975 1352 CONCLUSlO

342 1709 407 1788 Qui
434 1709 538 1779 fuerit
564 1710 683 1791 Vives
709 1708 853 1800 quaeda
887 1716 1006 1778 tenera
1036 1706 1231 1799 puellarum
1258 1711 1362 1777 aetate

294 1839 512 1920 disseruerit,
536 1860 640 1930 quam
660 1837 853 1907 doctrinam
864 1837 914 1906 eis
926 1835 1157 1907 necessariam
1174 1834 1358 1947 putaverit,

293 1963 375 2054 quid
405 1987 448 2034 ex
475 1964 620 2056 antiqua
639 1961 825 2054 disciplina
845 1963 1048 2044 servaverit,
1071 1967 1243 2053 quatenus
1263 1965 1362 2031 extra

291 2088 409 2159 tritam
442 2089 534 2157 viam
564 2088 713 2170 flexerit,
745 2087 827 2179 quid
852 2087 895 2156 ab
919 2110 959 2157 eo
983 2087 1132 2157 mutuati
1158 2086 1276 2156 sintii
1301 2087 1360 2178 qui

290 2213 449 2284 eamdem
465 2235 537 2284 rem
549 2212 792 2283 illustrandam
808 2218 1048 2304 susceperunt,
1065 2211 1356 2282 examinavimus.

289 2339 370 2408 Jam
395 2361 438 2408 ex
462 2337 529 2407 hac
553 2346 674 2408 nostra
700 2336 941 2429 disquisitione
961 2335 1064 2407 facile
1089 2343 1233 2430 apparet
1255 2350 1359 2430 quam

289 2463 400 2534 multa
419 2463 596 2555 sagaciter
611 2461 805 2555 explorata,
828 2484 934 2554 quam
950 2461 1063 2532 multa
1076 2461 1225 2555 'egregie
1250 2461 1360 2555 expli-

288 2593 379 2673 cata,
411 2609 515 2678 quam
551 2584 662 2656 multa
690 2585 877 2680 prudenter
906 2584 1101 2667 enucleata,
1133 2592 1169 2655 at
1193 2584 1298 2656 simul
1327 2593 1361 2656 et

288 2711 454 2794 obsoleta,
483 2712 637 2797 dissona,
666 2720 712 2797 et,
741 2720 779 2784 ut
802 2713 853 2784 ita
877 2713 1047 2796 dicamus,
1070 2735 1196 2783 manca
1213 2713 1249 2783 in
1266 2714 1362 2785 Iras-

288 2838 464 2909 titutiouc
495 2840 672 2928 soemr'rrcc
708 2841 936 2910 christianae
966 2839 1196 2931 reperiantur.
1229 2839 1298 2910 Sed
1326 2839 1361 2909 id

288 2962 410 3032 mirari
428 2964 505 3056 jam
535 2963 687 3047 desines,
725 2966 754 3035 si
789 2965 1005 3058 reputaveris
1032 2964 1159 3062 ¹quibus
1192 2971 1226 3035 et
1257 2987 1361 3057 quam

290 3088 437 3160 turbidis
461 3090 676 3183 temporibus
707 3091 834 3162 vixerit
853 3091 975 3161 Vives.
1007 3089 1181 3161 luciderat
1204 3090 1296 3161 enim
1326 3091 1361 3160 iu

289 3237 367 3284 eam
381 3220 520 3285 aetatem
534 3237 603 3308 qua
622 3216 795 3310 majorum
810 3215 996 3308 disciplina
1012 3223 1256 3300 consenuerat,
1275 3239 1361 3287 noc-

289 3340 372 3412 dum
397 3349 515 3412 tamen
539 3349 757 3434 posterorum
787 3350 864 3414 orta
885 3346 976 3426 erat,
1010 3351 1044 3414 et
1073 3344 1116 3414 ob
1147 3367 1224 3414 eam
1249 3344 1360 3438 ipsam

289 3489 444 3552 causam,
464 3474 581 3537 vetera
594 3475 628 3538 et
648 3490 754 3553 nova,
776 3490 859 3538 vera
875 3475 908 3539 et
928 3468 1017 3539 falsa
1030 3469 1356 3539 commiscebantur.

289 3591 377 3669 Quae
394 3592 430 3662 in
450 3591 641 3684 republica,
659 3593 780 3664 eadem
797 3594 832 3663 in
847 3595 974 3664 animis
989 3601 1064 3665 erat
1081 3595 1307 3689 perturbatio.

339 3718 507 3796 Quamvis
541 3741 615 3789 rem
644 3726 841 3811 susceptam
876 3721 1228 3816 inchoavissepotius
1255 3746 1358 3816 quam

289 3841 472 3934 perfecisse
500 3841 674 3925 videatur,
703 3851 818 3913 tamen
841 3843 906 3913 fuit
931 3844 960 3913 is
985 3867 1085 3936 quem
1113 3844 1175 3915 illa
1204 3854 1359 3939 tempora

289 3967 378 4036 ferre
408 3973 607 4058 potuerunt.
636 3969 757 4060 ltaque
788 3991 855 4037 non
886 3975 1056 4061 quantum
1081 3971 1263 4063 profuerit,
1299 3973 1357 4042 sed

288 4099 457 4184 quantum
473 4092 634 4186 prodesse
650 4093 814 4180 voluerit,
832 4094 1078 4166 aestimandum
1094 4107 1159 4178 est,
1178 4098 1352 4189 quoniam,

290 4225 326 4285 ut
349 4216 399 4286 ait
427 4215 587 4300 Tullius,
616 4217 735 4287 «nihil
758 4226 810 4288 est
834 4217 939 4289 simul
960 4218 1141 4290 inventum
1163 4229 1195 4290 et
1225 4222 1356 4313 perfec-

288 4356 362 4411 tum
379 4339 428 4436 (l)
443 4370 474 4412 ».
498 4342 578 4412 Jam
598 4365 760 4415 veremur
776 4366 817 4414 ne
837 4362 953 4415 amore
980 4343 1201 4437 pluraquam
1225 4345 1356 4416 fuerint

312 4503 355 4604 Ι(ι)
372 4543 431 4593 cro.
450 4546 572 4604 Brutus,
586 4545 616 4595 c.
630 4545 759 4595 xxxvi.
