3436 5404
786 644 943 703 —8r-.

332 812 510 900 quaesunt
538 803 673 887 mundi,
696 804 869 897 quomodo
891 801 1028 895 placeat
1051 805 1126 875 viro
1142 807 1195 898 (l)
1226 835 1241 870 »
1254 831 1262 896 ;
1284 811 1397 880 caeteri

332 934 498 1003 unanimo
537 951 707 1002 consensu
751 939 1042 1001 enumeraveram
1074 932 1215 1023 quantis
1251 933 1401 1026 negotiis

332 1056 593 1128 matrimonium
613 1055 818 1126 abundaret.
830 1054 911 1124 Jam
930 1055 1150 1139 Ambrosius,
1163 1056 1404 1150 Augustinus-

333 1185 585 1266 llamascenus
611 1180 780 1264 Basilius,
807 1178 976 1272 multique
1000 1179 1061 1251 alii
1091 1181 1181 1252 inter
1206 1205 1243 1252 se
1267 1192 1400 1254 certare

332 1310 554 1394 videbantur,
595 1307 887 1401 quemadmodum
919 1336 934 1369 «
965 1307 1152 1392 nutriendi,
1196 1308 1400 1380 instituendi

332 1445 365 1507 et
376 1435 562 1529 copulandi
579 1433 758 1506 molestias
770 1433 822 1526 (2)
844 1462 876 1517 »‚
890 1440 924 1504 et
938 1433 1028 1505 alias
1039 1442 1174 1537 naturae
1189 1466 1204 1501 α
1223 1450 1400 1507 contume-

331 1563 411 1645 lias,
434 1585 557 1634 novem
579 1561 755 1631 mensibus
777 1567 914 1630 uterum
944 1560 1220 1643 insolescentem,
1243 1561 1395 1644 fastidia,

331 1695 483 1781 partum,
511 1686 734 1778 sanguinem,
758 1707 891 1776 pannos
918 1685 971 1773 (3)
1002 1713 1034 1767 »‚
1054 1694 1218 1778 tanquam
1247 1687 1282 1757 in
1310 1688 1397 1757 bono

330 1813 463 1885 lumine
478 1811 702 1882 collocarent.
721 1811 885 1888 Quinimo
897 1812 1057 1902 usquead
1075 1812 1311 1883 incredibilem
1328 1813 1397 1883 fere

332 1938 485 2008 seritiam
523 1936 724 2009 Beruardus
758 1945 986 2028 processerat,
1027 1937 1086 2028 qui
1118 1935 1243 2029 puellis
1280 1936 1398 2008 sedulo

332 2065 494 2136 suaderet
517 2072 554 2133 ut
578 2085 683 2154 quam
715 2061 983 2154 diligentissime
1019 2063 1169 2132 vitarent
1198 2063 1398 2134 societatem

335 2220 350 2252 α
381 2187 590 2259 secularium
610 2187 835 2256 foeminarnm
866 2216 898 2268 »,
917 2187 1000 2278 quia
1013 2218 1028 2251 «
1059 2187 1215 2258 seculum
1230 2187 1396 2281 diligunt,

332 2325 365 2386 et
385 2315 427 2384 de
447 2313 662 2384 secularibus
678 2313 880 2404 loquuntur,
900 2321 1038 2382 terrena
1063 2321 1243 2398 amant...,
1267 2314 1400 2384 transi-

291 2530 294 2536 ·
332 2441 423 2510 toria
442 2439 692 2531 concupiscunt
721 2468 753 2520 n,
777 2462 816 2506 ac
835 2469 850 2501 «
881 2437 1006 2507 mulier
1028 2437 1197 2508 secularis
1226 2462 1400 2531 organum

333 2573 385 2636 est
400 2565 541 2634 Satanae
552 2564 605 2654 (4)
620 2592 652 2633 ».
667 2564 848 2633 Postremo
860 2586 965 2654 quum
978 2563 1154 2634 Matthaeus
1167 2562 1224 2633 ille
1235 2564 1396 2635 dixisset:

337 2715 354 2758 «
384 2690 449 2759 Vae
468 2688 736 2783 praegnantibus
765 2718 798 2772 »,
835 2689 886 2758 sic
913 2711 1031 2759 omnes
1058 2689 1297 2781 virginitatem
1322 2687 1403 2760 cum

335 2816 556 2886 matrimonio
571 2824 859 2908 comparaverant
876 2823 912 2885 ut
927 2815 991 2885 hoc
1007 2813 1198 2908 saepissime
1217 2815 1401 2906 reprehen-
1455 2892 1458 2897 ,

334 2943 467 3028 alerent,
487 2940 584 3012 illam
599 2948 716 3012 autem
734 2938 931 3023 laudarent,
954 2942 997 3010 ab
1014 2941 1078 3011 hoc
1099 2941 1263 3011 tentando
1283 2940 1403 3009 detera*

334 3075 463 3151 rorent,
484 3069 529 3137 ad
549 3068 641 3138 hanc
664 3068 941 3160 amplectendam
961 3068 1198 3138 hortarentur.
1221 3067 1302 3136 dam
1323 3089 1403 3135 vero

336 3201 506 3285 quantum
523 3194 566 3263 ab
577 3193 632 3264 his
643 3192 759 3264 differt
773 3193 880 3263 Vives
892 3193 948 3284 qui
965 3192 1226 3263 matrimonium
1242 3190 1403 3262 laudibus

336 3317 474 3402 extulit,
503 3326 702 3411 quantaque
735 3320 811 3412 ejus
830 3348 845 3382 α
865 3319 1110 3388 sacramenti»
1137 3326 1227 3388 esset
1248 3317 1403 3408 dignitas

337 3446 526 3529 revocavit,
559 3468 600 3515 ao
620 3445 729 3515 multa
745 3445 789 3514 ad
802 3444 868 3514 hoc
878 3445 1130 3538 auspicandum
1146 3444 1403 3538 ineundumque

337 3573 606 3665 prudentissime
621 3572 854 3665 praescripsit!
874 3574 954 3643 Non
970 3573 1063 3642 enim
1074 3573 1322 3645 instituendam
1334 3572 1402 3641 vir-

338 3697 457 3788 ginem
472 3698 636 3789 suscepit,
654 3695 738 3788 quia
752 3703 790 3766 ut
809 3704 861 3767 est
883 3727 899 3760 «
914 3696 1058 3788 elegans
1073 3698 1212 3790 quidem
1223 3697 1402 3790 respuella

338 3821 439 3912 virgo
450 3849 482 3904 »,
505 3820 555 3890 ita
570 3821 659 3890 nihil
671 3850 686 3885 α
700 3822 804 3914 juxta
819 3830 983 3893 naturam
1003 3823 1237 3916 prodigiosius
1252 3845 1322 3893 anu
1334 3822 1403 3892 vir-

337 3921 419 4038 gine
428 3945 481 4038 (5)
497 3953 530 4029 u,
544 3946 604 4016 sed
622 3953 767 4017 matrem
788 3969 867 4039 quae
888 3947 1013 4018 litteris
1032 3947 1176 4039 egregie
1190 3947 1401 4029 erudiretur,

368 4146 401 4208 (1)
419 4146 593 4210 Hieronymi.
612 4149 715 4209 Opera.
732 4147 857 4207 Parisiis,
879 4149 949 4198 1533.

612 4238 653 4285 De
673 4243 816 4298 perpetua
840 4237 1008 4297 virginitale
1033 4239 1146 4295 Murice.
1161 4238 1194 4288 T.
1217 4237 1257 4288 11.
1279 4251 1306 4301 p.
1323 4239 1349 4286 u.

368 4328 401 4382 (τὶ)
419 4326 567 4375 Ambrosii.
580 4328 621 4374 De
636 4327 814 4388 Virginibus
829 4327 860 4374 T.
878 4328 912 4375 ΙΙ.
933 4328 965 4376 C.
983 4329 1030 4378 Vl.
1045 4344 1073 4392 p.
1095 4329 1150 4377 153.

368 4418 402 4478 (3)
420 4417 594 4478 Hieronymi.
609 4419 650 4465 ne
663 4425 805 4478 perpetua
817 4417 983 4478 virginitale
997 4419 1109 4479 Mariae,
1122 4420 1155 4468 T.
1170 4421 1210 4470 ΙΙ.
1227 4435 1255 4482 p.
1270 4420 1296 4468 6.

367 4505 401 4562 li)
420 4505 565 4554 Bernardi.
582 4509 682 4555 Sermo
706 4507 797 4555 Li'li.
822 4508 852 4555 l't
870 4510 952 4556 loica
969 4509 1105 4557 viridiores
1129 4510 1267 4570 citamur,
1282 4524 1309 4573 p.
1330 4509 1399 4559 1300.

368 4595 401 4655 (ὁ)
420 4595 527 4643 Erasrn.
544 4597 705 4656 l'olloquiu.
891 4646 894 4651 .

554 4682 675 4730 Prociet
690 4681 809 4746 puellm,
821 4682 854 4730 T.
875 4682 900 4730 1.
919 4698 948 4748 p.
964 4684 1022 4734 a85.
