3436 5404
779 641 938 702 ..27-

324 800 455 871 dictum
475 810 513 883 ,et
544 831 559 865 «
574 801 726 894 prudens
740 831 756 864 »
784 808 1009 894 extractaque
1040 825 1089 872 «e
1108 803 1250 874 Litteris
1284 805 1394 875 sacris

323 933 385 996 aut
404 925 692 1019 philosophorum
712 927 945 1002 monumentis
962 927 1169 997 sententiola
1187 930 1240 1017 (l)
1255 957 1287 998 ».
1313 931 1392 999 Non

323 1032 415 1121 enim
431 1058 723 1144 tenerumcorpus
744 1074 865 1135 manu,
891 1059 929 1122 ut
954 1052 1067 1134 aiunt,
1085 1052 1211 1123 melius
1230 1054 1389 1146 lingitur,

324 1199 427 1269 quam
444 1200 574 1248 vacuus
595 1177 709 1247 adhuc
725 1178 876 1260 animus,
900 1177 1115 1248 mollissimae
1135 1201 1225 1248 cerae
1246 1180 1393 1271 udaeque

324 1299 464 1392 argillae
496 1322 606 1383 more,
637 1323 696 1370 eos
725 1300 851 1371 retinet
873 1309 992 1394 postea
1021 1323 1134 1372 mores
1150 1301 1276 1393 quibus
1291 1302 1391 1373 insti-

323 1425 459 1494 tuitur:
484 1431 522 1494 ut
538 1447 629 1516 saepe
652 1425 688 1494 in
710 1431 830 1495 tenera
854 1426 1018 1495 arborum
1042 1425 1170 1496 cortice
1190 1426 1312 1496 incisae
1333 1426 1391 1498 lit-

321 1554 417 1633 terae‚
440 1550 489 1619 sic
504 1549 673 1641 inscripta
691 1550 727 1619 in
742 1550 848 1620 anino
868 1550 944 1620 haec
960 1551 1099 1622 virtutis
1115 1550 1215 1634 laus,
1233 1558 1388 1645 tempore

321 1673 459 1744 demum
475 1681 579 1745 aucta
591 1681 626 1744 et
640 1676 740 1767 quasi
755 1675 972 1759 confirmata,
986 1676 1188 1746 concrescit.

369 1798 495 1870 Vivem
505 1823 587 1871 vero
598 1823 665 1870 non
677 1822 805 1870 novam
818 1800 958 1870 omnino
974 1800 1142 1872 muniisse
1157 1801 1264 1885 viam,
1278 1803 1386 1874 sedin

320 1923 568 2000 nonnullorum
584 1926 792 2026 scriptorum
810 1925 968 2018 vestigiis
994 1924 1183 2018 aliquando
1203 1926 1383 2013 institisse,

319 2049 552 2120 animadverti
583 2057 775 2144 opportune
812 2058 936 2142 potest.
968 2050 1129 2142 Namque
1152 2051 1228 2144 jam
1244 2051 1387 2123 dederat

319 2172 403 2244 olim
424 2175 557 2246 Fabius
571 2175 743 2270 ejusmodi
765 2183 958 2268 praecepta;
977 2175 1105 2269 quippe
1125 2176 1385 2249 informandum
1430 2164 1431 2167 ¹

320 2308 495 2371 oratorem
518 2323 626 2392 quum
652 2301 830 2393 professus
863 2306 965 2380 esset,
1001 2307 1117 2372 tamen
1148 2301 1202 2373 vel
1239 2303 1386 2374 minima

319 2424 502 2517 amplexus
520 2433 584 2510 est,
608 2448 671 2496 nec
688 2424 795 2496 ullam
824 2425 1054 2510 institutionis
1073 2427 1281 2520 contempsit
1296 2451 1384 2521 par-

318 2556 401 2634 tem,
429 2551 487 2620 sed
512 2551 549 2621 in
571 2551 683 2645 ipsam
706 2573 823 2622 rerum
847 2551 1052 2623 tenuitatem
1073 2575 1142 2622 non
1162 2553 1237 2624 sine
1252 2575 1382 2645 magna

319 2678 490 2771 sapientia
524 2685 558 2748 et
596 2677 818 2772 jucunditate
857 2677 1046 2748 descendit.
1094 2677 1261 2777 Suaserat
1298 2678 1381 2749 item

316 2801 552 2896 Hieronymus
585 2809 624 2873 ut
652 2801 877 2873 instituendis
907 2800 1032 2895 puellis
1065 2797 1287 2874 traderentur
1320 2811 1382 2874 aut

316 2923 451 3009 buxeae,
465 2932 527 2995 aut
545 2926 709 2996 eburneae
721 2924 863 3008 litterae,
879 2947 998 3017 eaeque
1017 2948 1081 2996 suo
1095 2926 1221 3018 cuique
1241 2926 1382 2997 nomine

316 3058 524 3121 vocarentur
531 3074 540 3139 3
559 3073 637 3122 cum
658 3051 714 3120 his
733 3050 828 3121 haud
853 3050 1041 3144 injucunde
1056 3051 1226 3123 infantem
1244 3051 1378 3136 ludere,

316 3197 408 3244 nunc
427 3175 584 3247 ordinem
621 3174 817 3246 litterarum
850 3176 997 3258 servari,
1029 3199 1122 3247 nunc
1157 3177 1298 3249 omnino
1319 3199 1381 3270 per

309 3301 429 3394 jocum
462 3301 611 3385 turbari,
645 3302 719 3394 jain
750 3300 874 3371 mediis
910 3300 1065 3383 ultimas,
1098 3300 1230 3372 ultimis
1263 3310 1379 3374 autern

314 3426 446 3497 medias
468 3420 622 3508 misceri,
651 3447 761 3517 neque
790 3445 874 3520 sono
897 3431 1049 3508 tantum,
1068 3425 1248 3497 sedetiam
1266 3429 1380 3521 specie

313 3559 348 3621 et
370 3552 483 3621 forma
505 3573 564 3622 eas
589 3549 734 3644 agnosci
758 3572 871 3642 posse,
903 3549 1012 3620 donec
1042 3550 1225 3643 inexperta
1250 3576 1291 3623 ac
1314 3560 1380 3624 tre

313 3682 428 3746 mente
451 3698 558 3746 manu
579 3698 725 3770 parvum
753 3673 886 3769 stylum
909 3674 945 3743 in
970 3697 1049 3745 cera
1078 3677 1229 3767 quadam
1253 3678 1379 3749 ducere

313 3802 507 3872 assueverit
523 3801 590 3894 (2).
1394 3807 1395 3810 ’

361 3924 526 4000 Attamen
541 3949 611 3997 non
630 3927 774 4024 deerant
792 3923 893 3995 multi
920 3925 979 4017 qui
994 3927 1244 3998 contenderent
1258 3928 1381 3998 imma·

310 4058 428 4122 turum
447 4073 534 4134 esse,
553 4073 595 4121 ne
611 4037 750 4122 crudele
760 4051 929 4134 dicamus
942 4057 1079 4122 tantum
1090 4051 1217 4144 puellae
1225 4052 1380 4132 laborem

310 4177 455 4270 imponi,
474 4199 537 4248 nec
556 4198 648 4260 eam,
667 4176 696 4246 si
716 4183 848 4269 septem
868 4176 971 4246 annis
990 4177 1104 4248 minor
1127 4176 1229 4261 foret,
1252 4176 1379 4250 litteris

343 4365 375 4444 (l)
392 4379 459 4430 Vir.
476 4382 517 4430 De
534 4382 611 4430 lost.
625 4383 706 4440 soem.
725 4381 840 4441 christ„
857 4379 890 4430 T.
905 4380 946 4430 11.
962 4380 997 4430 L.
1016 4380 1041 4429 1.
1057 4379 1090 4430 G.
1107 4381 1158 4432 IV.
1179 4396 1205 4446 p.
1219 4381 1277 4432 656.

341 4471 376 4536 (2)
394 4472 460 4522 Divi
477 4471 592 4520 Eusebii
602 4471 774 4533 Hieronymi.
788 4472 888 4532 opera.
902 4471 1029 4530 Parisiis
1044 4471 1113 4522 1528.

388 4561 434 4609 Aa
444 4562 556 4611 Loetam
573 4559 802 4610 detruncatione
814 4560 894 4620 filice,
906 4560 937 4609 T.
951 4560 977 4609 1.
993 4575 1018 4626 p.
1035 4561 1076 4611 19.
