3436 5404
768 537 978 612 -aa-'

309 715 490 809 potissime
510 714 797 808 praescripserant
817 737 895 807 quaa
923 715 966 785 ad
988 715 1195 786 servandam
1220 715 1376 808 virgini*
1412 694 1414 697 .

309 847 417 911 tatem
438 841 671 934 pertinebant.
687 842 849 933 Namque
865 848 1002 912 tantum
1018 840 1233 933 virginitatis
1259 840 1376 912 hono-
1485 849 1488 857 '

311 992 384 1040 rem
431 992 553 1040 omnes
589 970 759 1041 Ecclesiae
802 972 925 1041 Patres
970 970 1180 1052 habuerant,
1227 977 1264 1040 ut
1300 972 1376 1064 ejus

312 1095 521 1188 dignitatem
560 1097 784 1166 matrimonio
810 1097 877 1188 ipsi
911 1095 1142 1189 praetulerint,
1173 1102 1376 1189 tantumque

312 1223 527 1314 virginitatis
557 1245 713 1294 amorem
738 1223 773 1292 in
805 1223 940 1292 animos
970 1222 1200 1306 immiserant,
1241 1228 1374 1294 utnon

309 1349 421 1420 solum
453 1350 689 1421 adolescentes
723 1373 764 1437 ac
802 1349 928 1443 puellae
961 1347 1116 1420 volentes
1152 1371 1172 1418 a
1210 1349 1376 1443 conjugio

312 1475 539 1556 abstinerent,
554 1497 675 1544 verum
689 1474 715 1543 ii
733 1475 838 1544 etiam
855 1474 928 1566 qni,
951 1481 1032 1544 ante
1052 1481 1248 1568 susceptam
1263 1474 1376 1544 Evan-

310 1598 395 1690 gelii
438 1598 701 1690 professionem,
745 1621 872 1668 uxores
919 1598 1117 1684 duxerant,
1165 1597 1209 1667 ab
1255 1621 1375 1668 earum

311 1723 493 1816 complexu
521 1725 776 1817 concubituque
795 1723 1001 1817 longissime
1021 1724 1232 1794 recederent.
1256 1724 1376 1814 ltaque

311 1869 418 1939 quum
447 1848 592 1918 mallent
614 1880 628 1913 «
648 1849 827 1919 adhortari
847 1850 892 1919 ad
907 1849 1050 1942 optima,
1082 1856 1117 1918 et
1133 1869 1273 1918 manum
1291 1869 1377 1940 por·
1414 1889 1416 1892 -

311 1974 426 2065 rigere
455 1974 497 2043 ad
528 1974 715 2058 altissima,
751 1997 855 2067 quam
883 1974 1022 2045 erudire
1056 1974 1225 2044 inferiora
1258 1973 1312 2065 (1)
1341 1999 1373 2054 a,

311 2100 346 2169 in
378 2101 550 2171 castitatis
593 2101 757 2173 laudibus
791 2100 1007 2172 celebrandis
1039 2101 1103 2171 toti
1135 2109 1248 2170 erant.
1276 2098 1378 2169 Affir-

310 2234 469 2296 maverat
505 2226 595 2295 enim
629 2226 836 2296 Ambrosius
887 2256 902 2290 «
932 2225 1111 2296 meliorem
1140 2247 1214 2294 esse
1255 2221 1378 2294 sterili-

309 2359 416 2421 tatem
446 2375 524 2422 cum
550 2352 679 2422 virtute
719 2351 787 2443 (2),
820 2380 836 2415 »
872 2358 949 2421 et«
987 2350 1117 2421 Christi
1144 2348 1259 2420 lilia»
1303 2371 1377 2418 esse

313 2505 329 2539 «
366 2476 614 2568 specialiter»
657 2498 775 2546 sacras
820 2476 975 2568 virgines
1014 2498 1092 2570 quae
1137 2497 1214 2546 eam
1255 2503 1270 2538 «
1307 2495 1376 2544 an-

310 2601 468 2694 gelorum
500 2631 516 2666 n
555 2603 769 2694 effingebant
802 2603 911 2672 vitam
952 2631 968 2666 «
1003 2624 1109 2694 quam
1136 2601 1172 2670 in
1206 2600 1376 2670 Paradiso

310 2727 486 2818 quondam
502 2729 555 2818 (3)
572 2757 588 2792 »
604 2729 796 2798 amisimus.
817 2730 1009 2799 Putaverat
1023 2733 1141 2797 autem
1152 2724 1376 2817 Augustinus

313 2842 329 2914 i<
353 2853 606 2945 praecelsiorem
639 2881 654 2915 n
691 2854 851 2924 omnibus
890 2853 990 2922 bonis
1023 2851 1262 2945 virginitatem
1286 2873 1373 2934 esse,

311 2978 393 3069 quia
416 2984 611 3047 «naturam
633 2979 741 3048 vincit
764 2985 797 3049 et
822 2999 977 3071 pugnam
994 3004 1004 3069 3
1022 2984 1199 3059 naturam,
1222 2976 1376 3069 corporis

311 3101 534 3194 integritate;
549 3125 719 3196 pugnam,
731 3126 815 3197 pace
831 3103 1046 3173 castimoniae
1058 3103 1111 3194 (A)
1122 3131 1155 3183 »,
1168 3100 1378 3194 Cyprianus·

312 3249 377 3319 que
406 3227 539 3298 dicatas
562 3229 635 3299 Deo
674 3229 830 3322 virgines
857 3229 1076 3313 laudaverat,
1111 3229 1246 3298 «decus
1274 3232 1377 3318 atque

311 3354 1376 3448 ornamentnmgratiaespiritualis..,honorisopusintegrum

311 3486 414 3571 atque
466 3480 728 3573 incorruptum,
770 3510 786 3544 a
823 3482 947 3575 quibus
987 3512 1003 3546 «
1046 3479 1215 3553 Ecclesiae
1254 3479 1376 3549 matris

311 3603 464 3696 gloriosa
492 3605 687 3675 fecunditas
707 3607 759 3699 (5)
785 3636 800 3670 n
826 3607 936 3677 floret.
974 3605 1132 3677 Hilarius
1153 3613 1247 3688 vero‘,
1269 3626 1376 3697 quum

346 3836 381 3899 (1)
394 3837 458 3886 Viv.
477 3839 603 3886 Dalmat.
618 3840 695 3898 fuam,
710 3839 821 3896 chrisa,
838 3839 919 3887 Praet.
941 3839 972 3887 T.
992 3837 1031 3886 ΙΙ.
1049 3853 1066 3902 p
1098 3837 1155 3886 648.

343 3928 379 3988 (2)
391 3925 422 3975 S.
435 3927 587 3975 Ambrosii.
602 3929 706 3988 Opera.
721 3929 848 3987 Parisiis,
861 3928 934 3976 1690.

373 4017 414 4064 De
433 4015 611 4076 Virpiaaibus,
627 4015 657 4064 T.
672 4003 709 4064 11.
726 4016 760 4064 L.
776 4015 839 4065 Ic.
859 4013 921 4063 VII.
937 4029 965 4077 p.
984 4013 1039 4064 158.

334 4091 431 4168 laud.
453 4105 929 4166 loid.,T.11.L.11.C.xv.p.
952 4105 1009 4153 269.
1026 4104 1057 4153 C.
1078 4103 1158 4152 XVII
1180 4119 1209 4166 p.
1225 4103 1283 4152 272.

344 4183 377 4255 (4)
392 4196 554 4258 Augustini.
574 4197 677 4256 Opera.
691 4195 781 4243 Basil.
801 4195 875 4244 1539.

374 4283 415 4330 De
436 4283 649 4332 Ecclesiaslicis
664 4282 853 4342 anamalibus
872 4283 905 4330 Τ.
922 4280 1092 4344 111.p.146.

343 4373 374 4432 (5)
387 4373 530 4436 Cypriani.
548 4375 650 4433 Opera.
665 4373 752 4421 Basil.
770 4372 841 4420 1523.

375 4465 416 4512 De
434 4462 540 4512 Habito
558 4462 690 4524 virginis,
705 4477 734 4526 p.
752 4461 808 4509 153.
