3436 5404
795 615 892 676 ..72
914 651 952 665 ψ

389 787 618 858 Patiebantur
647 790 764 854 autem
788 783 849 852 alii
875 781 1038 854 mulieres
1058 784 1179 878 plenos
1197 785 1276 858 illos
1296 817 1311 852 a
1334 787 1410 858 Mi-

340 914 436 986 lesiis
460 909 587 982 sabulis
618 939 633 973 u
668 908 776 985 libros
802 909 977 980 interdum
1010 909 1141 1002 legere,
1166 906 1352 984 atrorum
1379 922 1413 983 ct

341 1037 521 1110 insolitum
558 1059 635 1106 esse
676 1033 931 1106 contendebant
968 1057 1028 1105 eas
1068 1034 1216 1106 latinam
1250 1036 1411 1131 lingnam

342 1177 472 1245 tenere,
490 1161 616 1232 nedum
638 1160 923 1230 consuetudinem
940 1181 1020 1230 cum
1039 1159 1259 1253 antiquitatis
1270 1163 1413 1255 scripto·

343 1291 439 1362 ribus
456 1291 621 1359 lacerent.
646 1285 712 1358 Sed
730 1308 837 1379 quum
853 1285 913 1355 alii
937 1285 1008 1355 alia
1025 1286 1059 1356 in
1081 1295 1265 1380 utramque
1280 1296 1412 1381 partem

340 1417 511 1500 dicerent,
544 1437 646 1484 nemo
675 1412 868 1506 sapientius
907 1433 1010 1505 quam
1049 1414 1158 1485 Vives
1187 1414 1278 1484 hane
1312 1414 1416 1487 solvit

334 1532 643 1634 'disceptationem
686 1539 718 1608 ls
762 1537 854 1607 enim
893 1536 1033 1607 dolebat
1071 1540 1183 1632 quod,
1234 1563 1340 1632 quum
1374 1541 1415 1610 de

344 1667 488 1736 canibus
521 1663 564 1734 ad
597 1663 796 1733 venandum
825 1669 859 1731 et
887 1662 996 1732 asinis
1023 1663 1068 1733 ad
1102 1663 1284 1735 ferendum
1328 1687 1415 1736 onus

344 1791 568 1863 instituendis
592 1789 704 1860 multa
732 1795 894 1858 accurate
924 1788 1054 1880 scripta
1088 1797 1215 1873 essent,
1240 1789 1328 1861 illud
1363 1813 1416 1861 ve-

345 1918 454 1988 nisset
474 1916 510 1985 in
545 1912 832 1994 controversiam,
866 1932 948 1982 num
976 1913 1155 2007 expediret
1191 1946 1206 1979 (ι
1237 1915 1414 1986 foeminam

346 2041 481 2110 litteras
502 2062 603 2109 nosse
618 2039 671 2130 (l)
697 2069 711 2100 υ
736 2060 743 2108 :
1236 2026 1241 2035 ’

398 2197 413 2232 «
444 2167 557 2259 Ergo,
580 2166 706 2258 inquit,
729 2188 819 2236 uxor
832 2172 894 2234 aut
908 2161 980 2234 filia
996 2165 1178 2236 tuadiscet
1193 2167 1415 2258 quemadmo-

345 2287 427 2360 dum
446 2312 482 2360 se
502 2296 614 2358 comet
628 2296 662 2358 et
682 2295 794 2380 pectet
809 2295 843 2357 et
854 2285 1000 2369 fucabit,
1023 2295 1057 2357 et
1072 2287 1237 2358 insolabit
1253 2289 1412 2383 capillos,

346 2423 381 2486 et
401 2413 654 2504 subfumigabit
679 2413 920 2495 chirothecas,
943 2424 977 2483 et
996 2435 1063 2485 acu
1090 2432 1260 2508 supparos
1279 2416 1413 2508 pinget,

345 2547 379 2610 et
411 2561 480 2630 qua
507 2561 633 2630 pompa
662 2537 819 2623 incedet;
855 2546 890 2608 et
913 2537 1038 2630 quibus
1064 2537 1178 2608 verbis
1206 2539 1272 2608 erit
1298 2539 1353 2609 vel
1373 2541 1416 2610 ad

345 2663 528 2734 lasciviam
549 2661 603 2732 vel
623 2659 665 2732 ad
685 2663 888 2755 superbiam
906 2662 1078 2733 instructa
1093 2677 1162 2732 non
1184 2663 1315 2751 audiet,
1334 2687 1417 2757 quo-

345 2785 447 2857 modo
476 2786 551 2854 haec
581 2793 797 2878 nugamenta
826 2785 1049 2856 contemnet?
1070 2785 1252 2864 Quomodo
1280 2785 1418 2858 ornabit

288 2911 291 2916 ’
347 2919 542 2982 mentem...
564 2907 578 2980 'l
599 2911 715 3004 Hujus
740 2920 777 2981 tu
803 2934 839 2982 es
864 2911 1046 2982 sententiae
1066 2912 1168 2982 homo
1190 2913 1415 3001 christianus

347 3056 416 3128 qua
440 3058 619 3129 nunquam
646 3036 768 3106 suisset
800 3033 1048 3107 stolidissimus
1083 3033 1253 3130 gentilis?
1282 3038 1418 3109 Exclu-

303 3205 305 3208 ·
347 3161 447 3230 detur
475 3161 585 3252 igitur
612 3157 739 3230 mulier
764 3160 807 3228 ab
834 3161 928 3230 omni
955 3161 1125 3232 bonarum
1154 3185 1270 3232 rernm
1291 3163 1444 3255 cogni.

350 3285 442 3356 tione
458 3285 511 3378 (2)
536 3315 551 3348 o
567 3281 581 3355 2

397 3410 529 3483 Deinde
554 3435 623 3482 non
652 3420 755 3482 acute
786 3411 901 3496 modo,
936 3435 1056 3484 verum
1084 3414 1188 3484 etiam
1210 3413 1355 3486 ridicule
1379 3439 1420 3486 ac

349 3539 459 3608 facete
491 3537 776 3608 adversariorum
795 3537 994 3629 opinionem
1016 3539 1250 3632 impugnavit.
1282 3539 1419 3610 Etenim

350 3685 458 3755 quum
484 3685 554 3733 non
590 3663 774 3756 ignoraret
813 3685 891 3754 quae
927 3659 1017 3733 bona
1050 3664 1120 3734 sint
1156 3663 1231 3734 lieri
1262 3665 1420 3736 doctrina

349 3786 508 3874 meliora,
545 3794 579 3858 et
623 3810 700 3880 quae
732 3809 802 3857 non
845 3788 977 3881 optima
1011 3788 1128 3881 aliquo
1158 3791 1260 3860 modo
1303 3798 1419 3862 tamen

349 3911 480 4004 corrigi
511 3921 545 3983 et
572 3912 650 3983 acui
679 3935 795 4005 posse,
817 3913 1121 3985 vehementissime
1144 3915 1347 3998 affirmavit,
1382 3924 1420 3986 ut

350 4038 478 4124 virum,
501 4039 551 4108 ita
568 4036 750 4109 mulierem
766 4038 880 4131 ipsam
895 4039 1027 4109 animal
1040 4062 1114 4110 esse
1138 4041 1272 4111 ratione
1287 4041 1420 4133 praedi-

347 4171 438 4246 tum,
463 4163 637 4255 nequead
663 4163 803 4256 flagitia
829 4165 929 4256 quasi
959 4164 1066 4234 insita
1094 4165 1173 4258 lege
1193 4165 1338 4260 impelli,
1361 4166 1419 4236 sed

349 4312 415 4360 usu
435 4288 658 4381 consiliisque
688 4289 731 4358 ad
763 4289 926 4360 virtutem
949 4289 1071 4360 adduci
1090 4313 1204 4383 posse,
1230 4299 1263 4362 et
1283 4292 1326 4361 ab
1345 4291 1419 4384 ipso

378 4483 415 4546 (1)
429 4483 491 4532 Viv.
509 4485 549 4532 De
565 4483 666 4544 Officio
680 4483 787 4540 naaritr',
806 4483 836 4532 T.
850 4483 887 4532 ΙΙ.
901 4483 930 4532 C.
945 4483 996 4532 ΙΙΙ,
1013 4499 1039 4546 p.
1058 4483 1115 4533 622.

376 4574 410 4634 (2)
427 4572 467 4622 Id.
482 4573 606 4634 lordstl'.
621 4573 659 4622 ll.
674 4573 704 4621 G.
720 4572 771 4622 [ΙΙ.
786 4588 812 4637 p.
828 4572 882 4622 6273.
