<?xml version="1.0" encoding="UTF-8"?>
<!DOCTYPE html PUBLIC "-//W3C//DTD XHTML 1.0 Transitional//EN"
    "http://www.w3.org/TR/xhtml1/DTD/xhtml1-transitional.dtd">
<html xmlns="http://www.w3.org/1999/xhtml" xml:lang="en" lang="en">
 <head>
  <title>
</title>
<meta http-equiv="Content-Type" content="text/html;charset=utf-8" />
  <meta name='ocr-system' content='tesseract 3.04.00' />
  <meta name='ocr-capabilities' content='ocr_page ocr_carea ocr_par ocr_line ocrx_word'/>
</head>
<body>
  <div class='ocr_page' id='page_1' title='image "./quiddepuellisin00thibgoog_0082.png"; bbox 0 0 3436 5404; ppageno 0'>
   <div class='ocr_carea' id='block_1_1' title="bbox 760 680 920 739">
    <p class='ocr_par' dir='ltr' id='par_1_1' title="bbox 760 680 920 739">
     <span class='ocr_line' id='line_1_1' title="bbox 760 680 920 739; baseline 0.006 -17"><span class='ocrx_word' id='word_1_1' title='bbox 760 680 859 739; x_wconf 84' lang='lat'>..73</span> <span class='ocrx_word' id='word_1_2' title='bbox 883 716 920 723; x_wconf 68' lang='grc'>.-</span> 
     </span>
    </p>
   </div>
   <div class='ocr_carea' id='block_1_2' title="bbox 302 833 1437 2555">
    <p class='ocr_par' dir='ltr' id='par_1_2' title="bbox 304 833 1369 1166">
     <span class='ocr_line' id='line_1_2' title="bbox 304 833 1369 937; baseline -0.001 -24"><span class='ocrx_word' id='word_1_3' title='bbox 304 841 443 913; x_wconf 85' lang='lat' dir='ltr'>Christo</span> <span class='ocrx_word' id='word_1_4' title='bbox 462 843 506 912; x_wconf 87' lang='lat' dir='ltr'>ad</span> <span class='ocrx_word' id='word_1_5' title='bbox 527 874 541 908; x_wconf 73' lang='lat' dir='ltr'>a</span> <span class='ocrx_word' id='word_1_6' title='bbox 571 843 784 937; x_wconf 91' lang='lat' dir='ltr'>mysteria...</span> <span class='ocrx_word' id='word_1_7' title='bbox 799 843 938 936; x_wconf 87' lang='lat' dir='ltr'>pietatis</span> <span class='ocrx_word' id='word_1_8' title='bbox 954 843 1008 935; x_wconf 79' lang='lat' dir='ltr'>(l)</span> <span class='ocrx_word' id='word_1_9' title='bbox 1038 872 1053 906; x_wconf 76' lang='lat' dir='ltr'>a</span> <span class='ocrx_word' id='word_1_10' title='bbox 1072 839 1155 912; x_wconf 89' lang='lat' dir='ltr'>olim</span> <span class='ocrx_word' id='word_1_11' title='bbox 1179 833 1369 912; x_wconf 82' lang='lat' dir='ltr'>admissam</span> 
     </span>
     <span class='ocr_line' id='line_1_3' title="bbox 305 967 1368 1060; baseline -0.001 -23"><span class='ocrx_word' id='word_1_12' title='bbox 305 968 415 1039; x_wconf 83' lang='lat' dir='ltr'>fuisse</span> <span class='ocrx_word' id='word_1_13' title='bbox 428 992 437 1056; x_wconf 93' lang='lat'>;</span> <span class='ocrx_word' id='word_1_14' title='bbox 461 969 490 1040; x_wconf 93' lang='lat' dir='ltr'>si</span> <span class='ocrx_word' id='word_1_15' title='bbox 506 968 630 1040; x_wconf 89' lang='lat' dir='ltr'>melior</span> <span class='ocrx_word' id='word_1_16' title='bbox 646 992 712 1039; x_wconf 92' lang='lat' dir='ltr'>non</span> <span class='ocrx_word' id='word_1_17' title='bbox 733 977 836 1053; x_wconf 89' lang='lat' dir='ltr'>esset,</span> <span class='ocrx_word' id='word_1_18' title='bbox 865 975 1021 1038; x_wconf 77' lang='lat' dir='ltr'>nostrum</span> <span class='ocrx_word' id='word_1_19' title='bbox 1045 990 1119 1037; x_wconf 87' lang='lat' dir='ltr'>esse</span> <span class='ocrx_word' id='word_1_20' title='bbox 1147 967 1285 1060; x_wconf 89' lang='lat' dir='ltr'>culpam</span> <span class='ocrx_word' id='word_1_21' title='bbox 1309 967 1368 1059; x_wconf 92' lang='lat' dir='ltr'>qui</span> 
     </span>
     <span class='ocr_line' id='line_1_4' title="bbox 304 1093 769 1166; baseline 0.004 -4"><span class='ocrx_word' id='word_1_22' title='bbox 304 1093 497 1164; x_wconf 81' lang='lat' dir='ltr'>doctrinam</span> <span class='ocrx_word' id='word_1_23' title='bbox 519 1094 769 1166; x_wconf 81' lang='lat' dir='ltr'>subtrahimus.</span> 
     </span>
    </p>

    <p class='ocr_par' dir='ltr' id='par_1_3' title="bbox 302 1219 1437 1812">
     <span class='ocr_line' id='line_1_5' title="bbox 355 1219 1368 1312; baseline -0.002 -22"><span class='ocrx_word' id='word_1_24' title='bbox 355 1219 536 1291; x_wconf 90' lang='lat' dir='ltr'>Postremo</span> <span class='ocrx_word' id='word_1_25' title='bbox 559 1221 614 1292; x_wconf 91' lang='lat' dir='ltr'>his</span> <span class='ocrx_word' id='word_1_26' title='bbox 649 1221 881 1312; x_wconf 79' lang='lat' dir='ltr'>argumentis,</span> <span class='ocrx_word' id='word_1_27' title='bbox 916 1243 958 1290; x_wconf 84' lang='lat' dir='ltr'>ex</span> <span class='ocrx_word' id='word_1_28' title='bbox 987 1219 1234 1289; x_wconf 86' lang='lat' dir='ltr'>honestissima</span> <span class='ocrx_word' id='word_1_29' title='bbox 1262 1241 1368 1289; x_wconf 89' lang='lat' dir='ltr'>cansa</span> 
     </span>
     <span class='ocr_line' id='line_1_6' title="bbox 308 1340 1367 1438; baseline -0.002 -24"><span class='ocrx_word' id='word_1_30' title='bbox 308 1345 399 1414; x_wconf 87' lang='lat' dir='ltr'>natis</span> <span class='ocrx_word' id='word_1_31' title='bbox 414 1351 448 1414; x_wconf 90' lang='lat' dir='ltr'>et</span> <span class='ocrx_word' id='word_1_32' title='bbox 463 1345 506 1414; x_wconf 91' lang='lat' dir='ltr'>ab</span> <span class='ocrx_word' id='word_1_33' title='bbox 531 1345 663 1438; x_wconf 92' lang='lat' dir='ltr'>optima</span> <span class='ocrx_word' id='word_1_34' title='bbox 684 1345 817 1415; x_wconf 88' lang='lat' dir='ltr'>ratione</span> <span class='ocrx_word' id='word_1_35' title='bbox 836 1343 1011 1436; x_wconf 84' lang='lat' dir='ltr'>profectis,</span> <span class='ocrx_word' id='word_1_36' title='bbox 1034 1340 1234 1413; x_wconf 84' lang='lat' dir='ltr'>Aristotelis</span> <span class='ocrx_word' id='word_1_37' title='bbox 1258 1341 1367 1435; x_wconf 90' lang='lat' dir='ltr'>ipsius</span> 
     </span>
     <span class='ocr_line' id='line_1_7' title="bbox 305 1469 1437 1562; baseline -0.001 -24"><span class='ocrx_word' id='word_1_38' title='bbox 305 1469 504 1562; x_wconf 84' lang='lat' dir='ltr'>opinionem</span> <span class='ocrx_word' id='word_1_39' title='bbox 525 1469 660 1540; x_wconf 83' lang='lat' dir='ltr'>addidit</span> <span class='ocrx_word' id='word_1_40' title='bbox 680 1471 737 1562; x_wconf 90' lang='lat' dir='ltr'>qni</span> <span class='ocrx_word' id='word_1_41' title='bbox 753 1471 977 1541; x_wconf 87' lang='lat' dir='ltr'>existimabat</span> <span class='ocrx_word' id='word_1_42' title='bbox 994 1499 1009 1532; x_wconf 70' lang='grc' dir='ltr'>(ι</span> <span class='ocrx_word' id='word_1_43' title='bbox 1031 1493 1090 1540; x_wconf 84' lang='lat' dir='ltr'>eas</span> <span class='ocrx_word' id='word_1_44' title='bbox 1105 1470 1276 1553; x_wconf 74' lang='lat' dir='ltr'>civitatee,</span> <span class='ocrx_word' id='word_1_45' title='bbox 1290 1491 1368 1559; x_wconf 87' lang='lat' dir='ltr'>quae</span> <span class='ocrx_word' id='word_1_46' title='bbox 1435 1501 1437 1504; x_wconf 96' lang='lat'>·</span> 
     </span>
     <span class='ocr_line' id='line_1_8' title="bbox 303 1594 1365 1689; baseline 0 -28"><span class='ocrx_word' id='word_1_47' title='bbox 303 1594 525 1664; x_wconf 73' lang='lat' dir='ltr'>laminarum</span> <span class='ocrx_word' id='word_1_48' title='bbox 561 1596 813 1666; x_wconf 90' lang='lat' dir='ltr'>institutionem</span> <span class='ocrx_word' id='word_1_49' title='bbox 846 1618 972 1689; x_wconf 89' lang='lat' dir='ltr'>parum</span> <span class='ocrx_word' id='word_1_50' title='bbox 1005 1595 1179 1665; x_wconf 87' lang='lat' dir='ltr'>habebant</span> <span class='ocrx_word' id='word_1_51' title='bbox 1222 1600 1365 1676; x_wconf 88' lang='lat' dir='ltr'>rectam,</span> 
     </span>
     <span class='ocr_line' id='line_1_9' title="bbox 302 1718 1070 1812; baseline 0.005 -27"><span class='ocrx_word' id='word_1_52' title='bbox 302 1739 434 1810; x_wconf 83' lang='lat' dir='ltr'>magna</span> <span class='ocrx_word' id='word_1_53' title='bbox 452 1741 488 1788; x_wconf 90' lang='lat' dir='ltr'>se</span> <span class='ocrx_word' id='word_1_54' title='bbox 508 1718 685 1789; x_wconf 78' lang='lat' dir='ltr'>felicitatis</span> <span class='ocrx_word' id='word_1_55' title='bbox 705 1727 802 1812; x_wconf 92' lang='lat' dir='ltr'>parte</span> <span class='ocrx_word' id='word_1_56' title='bbox 817 1719 940 1789; x_wconf 87' lang='lat' dir='ltr'>orbare</span> <span class='ocrx_word' id='word_1_57' title='bbox 956 1719 1022 1811; x_wconf 72' lang='lat'>(2).</span> <span class='ocrx_word' id='word_1_58' title='bbox 1055 1748 1070 1780; x_wconf 85' lang='lat'>»</span> 
     </span>
    </p>

    <p class='ocr_par' dir='ltr' id='par_1_4' title="bbox 303 1841 1368 2187">
     <span class='ocr_line' id='line_1_10' title="bbox 351 1841 1367 1936; baseline 0 -24"><span class='ocrx_word' id='word_1_59' title='bbox 351 1845 437 1920; x_wconf 81' lang='lat' dir='ltr'>Quae</span> <span class='ocrx_word' id='word_1_60' title='bbox 454 1866 508 1913; x_wconf 91' lang='lat' dir='ltr'>res</span> <span class='ocrx_word' id='word_1_61' title='bbox 530 1866 637 1936; x_wconf 91' lang='lat' dir='ltr'>quum</span> <span class='ocrx_word' id='word_1_62' title='bbox 653 1867 714 1936; x_wconf 93' lang='lat' dir='ltr'>per</span> <span class='ocrx_word' id='word_1_63' title='bbox 730 1845 855 1936; x_wconf 87' lang='lat' dir='ltr'>sejam</span> <span class='ocrx_word' id='word_1_64' title='bbox 873 1845 1034 1914; x_wconf 87' lang='lat' dir='ltr'>miranda</span> <span class='ocrx_word' id='word_1_65' title='bbox 1052 1853 1156 1926; x_wconf 91' lang='lat' dir='ltr'>esset,</span> <span class='ocrx_word' id='word_1_66' title='bbox 1170 1849 1244 1915; x_wconf 92' lang='lat' dir='ltr'>tum</span> <span class='ocrx_word' id='word_1_67' title='bbox 1259 1841 1367 1932; x_wconf 84' lang='lat' dir='ltr'>multo</span> 
     </span>
     <span class='ocr_line' id='line_1_11' title="bbox 303 1968 1368 2063; baseline 0.002 -26"><span class='ocrx_word' id='word_1_68' title='bbox 303 1968 416 2059; x_wconf 81' lang='lat' dir='ltr'>magis</span> <span class='ocrx_word' id='word_1_69' title='bbox 450 1968 516 2038; x_wconf 93' lang='lat' dir='ltr'>erit</span> <span class='ocrx_word' id='word_1_70' title='bbox 540 1969 782 2039; x_wconf 72' lang='lat' dir='ltr'>consideranti</span> <span class='ocrx_word' id='word_1_71' title='bbox 810 1970 887 2062; x_wconf 91' lang='lat' dir='ltr'>quis</span> <span class='ocrx_word' id='word_1_72' title='bbox 916 1969 1112 2063; x_wconf 91' lang='lat' dir='ltr'>puellarum</span> <span class='ocrx_word' id='word_1_73' title='bbox 1141 1968 1368 2039; x_wconf 84' lang='lat' dir='ltr'>institutionis</span> 
     </span>
     <span class='ocr_line' id='line_1_12' title="bbox 304 2093 786 2187; baseline 0.004 -25"><span class='ocrx_word' id='word_1_74' title='bbox 304 2100 415 2164; x_wconf 90' lang='lat' dir='ltr'>status</span> <span class='ocrx_word' id='word_1_75' title='bbox 434 2093 469 2164; x_wconf 83' lang='lat' dir='ltr'>id</span> <span class='ocrx_word' id='word_1_76' title='bbox 485 2094 651 2187; x_wconf 86' lang='lat' dir='ltr'>temporis</span> <span class='ocrx_word' id='word_1_77' title='bbox 668 2094 786 2166; x_wconf 84' lang='lat' dir='ltr'>fuerit.</span> 
     </span>
    </p>

    <p class='ocr_par' dir='ltr' id='par_1_5' title="bbox 305 2217 1368 2555">
     <span class='ocr_line' id='line_1_13' title="bbox 352 2217 1368 2312; baseline 0.001 -23"><span class='ocrx_word' id='word_1_78' title='bbox 352 2220 491 2290; x_wconf 85' lang='lat' dir='ltr'>Genera</span> <span class='ocrx_word' id='word_1_79' title='bbox 516 2227 632 2290; x_wconf 89' lang='lat' dir='ltr'>autem</span> <span class='ocrx_word' id='word_1_80' title='bbox 650 2217 845 2312; x_wconf 88' lang='lat' dir='ltr'>disciplinae</span> <span class='ocrx_word' id='word_1_81' title='bbox 864 2220 932 2289; x_wconf 91' lang='lat' dir='ltr'>duo</span> <span class='ocrx_word' id='word_1_82' title='bbox 960 2227 1071 2290; x_wconf 87' lang='lat' dir='ltr'>erant.</span> <span class='ocrx_word' id='word_1_83' title='bbox 1095 2217 1247 2291; x_wconf 89' lang='lat' dir='ltr'>Plurimi</span> <span class='ocrx_word' id='word_1_84' title='bbox 1266 2219 1368 2290; x_wconf 89' lang='lat' dir='ltr'>abso-</span> 
     </span>
     <span class='ocr_line' id='line_1_14' title="bbox 305 2342 1368 2439; baseline 0.002 -27"><span class='ocrx_word' id='word_1_85' title='bbox 305 2342 398 2414; x_wconf 90' lang='lat' dir='ltr'>lutas</span> <span class='ocrx_word' id='word_1_86' title='bbox 426 2343 501 2414; x_wconf 85' lang='lat' dir='ltr'>fore</span> <span class='ocrx_word' id='word_1_87' title='bbox 534 2343 669 2437; x_wconf 90' lang='lat' dir='ltr'>puellas</span> <span class='ocrx_word' id='word_1_88' title='bbox 706 2345 980 2429; x_wconf 84' lang='lat' dir='ltr'>arbitrabantur,</span> <span class='ocrx_word' id='word_1_89' title='bbox 1012 2346 1041 2415; x_wconf 93' lang='lat' dir='ltr'>si</span> <span class='ocrx_word' id='word_1_90' title='bbox 1068 2346 1234 2439; x_wconf 91' lang='lat' dir='ltr'>aprimis</span> <span class='ocrx_word' id='word_1_91' title='bbox 1267 2344 1368 2414; x_wconf 82' lang='lat' dir='ltr'>annis</span> 
     </span>
     <span class='ocr_line' id='line_1_15' title="bbox 305 2468 1367 2555; baseline 0.003 -19"><span class='ocrx_word' id='word_1_92' title='bbox 305 2468 398 2538; x_wconf 92' lang='lat' dir='ltr'>domi</span> <span class='ocrx_word' id='word_1_93' title='bbox 426 2474 639 2552; x_wconf 88' lang='lat' dir='ltr'>tenerentur,</span> <span class='ocrx_word' id='word_1_94' title='bbox 679 2470 788 2540; x_wconf 87' lang='lat' dir='ltr'>donec</span> <span class='ocrx_word' id='word_1_95' title='bbox 816 2470 1061 2555; x_wconf 77' lang='lat' dir='ltr'>adolevissent,</span> <span class='ocrx_word' id='word_1_96' title='bbox 1080 2481 1113 2542; x_wconf 93' lang='lat' dir='ltr'>et</span> <span class='ocrx_word' id='word_1_97' title='bbox 1133 2470 1212 2541; x_wconf 89' lang='lat' dir='ltr'>inde</span> <span class='ocrx_word' id='word_1_98' title='bbox 1240 2477 1302 2542; x_wconf 91' lang='lat' dir='ltr'>ant</span> <span class='ocrx_word' id='word_1_99' title='bbox 1331 2470 1367 2539; x_wconf 92' lang='lat' dir='ltr'>in</span> 
     </span>
    </p>
   </div>
   <div class='ocr_carea' id='block_1_3' title="bbox 218 2594 1372 4052">
    <p class='ocr_par' dir='ltr' id='par_1_6' title="bbox 218 2594 1372 4052">
     <span class='ocr_line' id='line_1_16' title="bbox 306 2594 1368 2689; baseline 0.003 -26"><span class='ocrx_word' id='word_1_100' title='bbox 306 2594 424 2664; x_wconf 91' lang='lat' dir='ltr'>mariti</span> <span class='ocrx_word' id='word_1_101' title='bbox 452 2595 674 2682; x_wconf 85' lang='lat' dir='ltr'>traderentur</span> <span class='ocrx_word' id='word_1_102' title='bbox 701 2596 886 2689; x_wconf 92' lang='lat' dir='ltr'>imperinm</span> <span class='ocrx_word' id='word_1_103' title='bbox 912 2603 974 2667; x_wconf 89' lang='lat' dir='ltr'>aut</span> <span class='ocrx_word' id='word_1_104' title='bbox 1006 2597 1041 2667; x_wconf 96' lang='lat' dir='ltr'>in</span> <span class='ocrx_word' id='word_1_105' title='bbox 1079 2619 1259 2667; x_wconf 89' lang='lat' dir='ltr'>sacrarum</span> <span class='ocrx_word' id='word_1_106' title='bbox 1290 2597 1368 2666; x_wconf 89' lang='lat' dir='ltr'>vir-</span> 
     </span>
     <span class='ocr_line' id='line_1_17' title="bbox 218 2701 1367 2808; baseline 0.002 -28"><span class='ocrx_word' id='word_1_107' title='bbox 218 2701 225 2705; x_wconf 38' lang='lat'><em>*</em></span> <span class='ocrx_word' id='word_1_108' title='bbox 302 2711 427 2802; x_wconf 77' lang='lat' dir='ltr'>ginum</span> <span class='ocrx_word' id='word_1_109' title='bbox 465 2711 645 2804; x_wconf 78' lang='lat' dir='ltr'>ergastulo</span> <span class='ocrx_word' id='word_1_110' title='bbox 685 2712 957 2784; x_wconf 83' lang='lat' dir='ltr'>includerentur.</span> <span class='ocrx_word' id='word_1_111' title='bbox 994 2715 1047 2784; x_wconf 89' lang='lat' dir='ltr'>lta</span> <span class='ocrx_word' id='word_1_112' title='bbox 1079 2736 1220 2808; x_wconf 89' lang='lat' dir='ltr'>prorsus</span> <span class='ocrx_word' id='word_1_113' title='bbox 1248 2713 1367 2784; x_wconf 87' lang='lat' dir='ltr'>existi-</span> 
     </span>
     <span class='ocr_line' id='line_1_18' title="bbox 303 2837 1368 2929; baseline 0.004 -25"><span class='ocrx_word' id='word_1_114' title='bbox 303 2842 485 2906; x_wconf 89' lang='lat' dir='ltr'>maverant</span> <span class='ocrx_word' id='word_1_115' title='bbox 518 2857 624 2929; x_wconf 90' lang='lat' dir='ltr'>quum</span> <span class='ocrx_word' id='word_1_116' title='bbox 659 2838 777 2907; x_wconf 84' lang='lat' dir='ltr'>caeteri</span> <span class='ocrx_word' id='word_1_117' title='bbox 811 2837 981 2908; x_wconf 82' lang='lat' dir='ltr'>Ecclesiae</span> <span class='ocrx_word' id='word_1_118' title='bbox 1013 2839 1150 2922; x_wconf 88' lang='lat' dir='ltr'>Patres,</span> <span class='ocrx_word' id='word_1_119' title='bbox 1182 2847 1257 2909; x_wconf 91' lang='lat' dir='ltr'>tum</span> <span class='ocrx_word' id='word_1_120' title='bbox 1288 2860 1368 2908; x_wconf 89' lang='lat' dir='ltr'>vero</span> 
     </span>
     <span class='ocr_line' id='line_1_19' title="bbox 301 2961 1370 3058; baseline 0.006 -28"><span class='ocrx_word' id='word_1_121' title='bbox 301 2961 392 3032; x_wconf 92' lang='lat' dir='ltr'>inter</span> <span class='ocrx_word' id='word_1_122' title='bbox 425 2986 504 3046; x_wconf 88' lang='lat' dir='ltr'>eos,</span> <span class='ocrx_word' id='word_1_123' title='bbox 543 2971 582 3036; x_wconf 93' lang='lat' dir='ltr'>ut</span> <span class='ocrx_word' id='word_1_124' title='bbox 619 2963 774 3057; x_wconf 91' lang='lat' dir='ltr'>reliquos</span> <span class='ocrx_word' id='word_1_125' title='bbox 817 2966 1140 3058; x_wconf 88' lang='lat' dir='ltr'>praetermittamus,</span> <span class='ocrx_word' id='word_1_126' title='bbox 1177 2966 1370 3058; x_wconf 82' lang='lat' dir='ltr'>Gregorius</span> 
     </span>
     <span class='ocr_line' id='line_1_20' title="bbox 304 3087 1371 3183; baseline 0.005 -28"><span class='ocrx_word' id='word_1_127' title='bbox 304 3087 546 3159; x_wconf 85' lang='lat' dir='ltr'>Nazianzenus</span> <span class='ocrx_word' id='word_1_128' title='bbox 571 3089 644 3173; x_wconf 92' lang='lat' dir='ltr'>ille,</span> <span class='ocrx_word' id='word_1_129' title='bbox 675 3091 734 3183; x_wconf 90' lang='lat' dir='ltr'>qni</span> <span class='ocrx_word' id='word_1_130' title='bbox 762 3090 841 3183; x_wconf 91' lang='lat' dir='ltr'>plns</span> <span class='ocrx_word' id='word_1_131' title='bbox 880 3114 985 3183; x_wconf 91' lang='lat' dir='ltr'>quam</span> <span class='ocrx_word' id='word_1_132' title='bbox 1006 3091 1091 3162; x_wconf 88' lang='lat' dir='ltr'>satis</span> <span class='ocrx_word' id='word_1_133' title='bbox 1121 3114 1196 3162; x_wconf 89' lang='lat' dir='ltr'>esse</span> <span class='ocrx_word' id='word_1_134' title='bbox 1224 3091 1371 3163; x_wconf 91' lang='lat' dir='ltr'>ducebat</span> 
     </span>
     <span class='ocr_line' id='line_1_21' title="bbox 304 3211 1372 3304; baseline 0.004 -24"><span class='ocrx_word' id='word_1_135' title='bbox 304 3211 439 3304; x_wconf 88' lang='lat' dir='ltr'>puellas</span> <span class='ocrx_word' id='word_1_136' title='bbox 459 3245 474 3277; x_wconf 90' lang='lat'>«</span> <span class='ocrx_word' id='word_1_137' title='bbox 506 3213 643 3285; x_wconf 83' lang='lat' dir='ltr'>radium</span> <span class='ocrx_word' id='word_1_138' title='bbox 674 3215 778 3298; x_wconf 89' lang='lat' dir='ltr'>serre,</span> <span class='ocrx_word' id='word_1_139' title='bbox 801 3222 836 3285; x_wconf 90' lang='lat' dir='ltr'>et</span> <span class='ocrx_word' id='word_1_140' title='bbox 850 3214 966 3286; x_wconf 92' lang='lat' dir='ltr'>colum</span> <span class='ocrx_word' id='word_1_141' title='bbox 982 3221 1110 3298; x_wconf 87' lang='lat' dir='ltr'>tenere,</span> <span class='ocrx_word' id='word_1_142' title='bbox 1130 3239 1171 3285; x_wconf 91' lang='lat' dir='ltr'>ac</span> <span class='ocrx_word' id='word_1_143' title='bbox 1189 3214 1266 3286; x_wconf 86' lang='lat' dir='ltr'>telae</span> <span class='ocrx_word' id='word_1_144' title='bbox 1287 3216 1372 3286; x_wconf 87' lang='lat' dir='ltr'>assi·</span> 
     </span>
     <span class='ocr_line' id='line_1_22' title="bbox 304 3336 1371 3434; baseline 0.007 -30"><span class='ocrx_word' id='word_1_145' title='bbox 304 3336 385 3407; x_wconf 86' lang='lat' dir='ltr'>dere</span> <span class='ocrx_word' id='word_1_146' title='bbox 405 3337 479 3430; x_wconf 57' lang='lat' dir='ltr'>(3)ss</span> <span class='ocrx_word' id='word_1_147' title='bbox 495 3366 510 3400; x_wconf 72' lang='grc' dir='ltr'><strong>υ</strong></span> <span class='ocrx_word' id='word_1_148' title='bbox 539 3339 613 3409; x_wconf 87' lang='lat' dir='ltr'>Neo</span> <span class='ocrx_word' id='word_1_149' title='bbox 638 3339 742 3410; x_wconf 89' lang='lat' dir='ltr'>aliter</span> <span class='ocrx_word' id='word_1_150' title='bbox 768 3362 829 3432; x_wconf 92' lang='lat' dir='ltr'>per</span> <span class='ocrx_word' id='word_1_151' title='bbox 859 3341 1014 3411; x_wconf 87' lang='lat' dir='ltr'>medinm</span> <span class='ocrx_word' id='word_1_152' title='bbox 1037 3364 1152 3410; x_wconf 70' lang='lat' dir='ltr'>aevum</span> <span class='ocrx_word' id='word_1_153' title='bbox 1168 3364 1235 3411; x_wconf 93' lang='lat' dir='ltr'>non</span> <span class='ocrx_word' id='word_1_154' title='bbox 1256 3340 1371 3434; x_wconf 89' lang='lat' dir='ltr'>quivis</span> 
     </span>
     <span class='ocr_line' id='line_1_23' title="bbox 306 3460 1372 3558; baseline 0.005 -29"><span class='ocrx_word' id='word_1_155' title='bbox 306 3460 479 3543; x_wconf 89' lang='lat' dir='ltr'>homines,</span> <span class='ocrx_word' id='word_1_156' title='bbox 508 3463 567 3532; x_wconf 90' lang='lat' dir='ltr'>sed</span> <span class='ocrx_word' id='word_1_157' title='bbox 589 3485 726 3534; x_wconf 89' lang='lat' dir='ltr'>summo</span> <span class='ocrx_word' id='word_1_158' title='bbox 742 3465 886 3556; x_wconf 83' lang='lat' dir='ltr'>ingenio</span> <span class='ocrx_word' id='word_1_159' title='bbox 906 3473 1111 3558; x_wconf 88' lang='lat' dir='ltr'>praestantes</span> <span class='ocrx_word' id='word_1_160' title='bbox 1126 3489 1167 3536; x_wconf 88' lang='lat' dir='ltr'>ea</span> <span class='ocrx_word' id='word_1_161' title='bbox 1186 3466 1228 3536; x_wconf 91' lang='lat' dir='ltr'>de</span> <span class='ocrx_word' id='word_1_162' title='bbox 1242 3487 1279 3536; x_wconf 91' lang='lat' dir='ltr'>re</span> <span class='ocrx_word' id='word_1_163' title='bbox 1294 3486 1372 3536; x_wconf 90' lang='lat' dir='ltr'>sen-</span> 
     </span>
     <span class='ocr_line' id='line_1_24' title="bbox 303 3588 1370 3684; baseline 0.006 -29"><span class='ocrx_word' id='word_1_164' title='bbox 303 3593 435 3656; x_wconf 90' lang='lat' dir='ltr'>serant.</span> <span class='ocrx_word' id='word_1_165' title='bbox 456 3589 571 3665; x_wconf 76' lang='lat' dir='ltr'>(tuam</span> <span class='ocrx_word' id='word_1_166' title='bbox 602 3588 740 3680; x_wconf 90' lang='lat' dir='ltr'>quidem</span> <span class='ocrx_word' id='word_1_167' title='bbox 758 3591 956 3684; x_wconf 92' lang='lat' dir='ltr'>opinionem</span> <span class='ocrx_word' id='word_1_168' title='bbox 973 3590 1179 3661; x_wconf 90' lang='lat' dir='ltr'>mirabiliter</span> <span class='ocrx_word' id='word_1_169' title='bbox 1194 3591 1370 3684; x_wconf 82' lang='lat' dir='ltr'>signitica-</span> 
     </span>
     <span class='ocr_line' id='line_1_25' title="bbox 305 3712 1370 3820; baseline 0.008 -41"><span class='ocrx_word' id='word_1_170' title='bbox 305 3712 396 3782; x_wconf 87' lang='lat' dir='ltr'>visse</span> <span class='ocrx_word' id='word_1_171' title='bbox 420 3712 519 3782; x_wconf 91' lang='lat' dir='ltr'>nobis</span> <span class='ocrx_word' id='word_1_172' title='bbox 540 3713 679 3785; x_wconf 90' lang='lat' dir='ltr'>videtur</span> <span class='ocrx_word' id='word_1_173' title='bbox 696 3715 860 3807; x_wconf 82' lang='lat' dir='ltr'>AEgidins</span> <span class='ocrx_word' id='word_1_174' title='bbox 879 3715 1062 3820; x_wconf 83' lang='lat' dir='ltr'>Columna,</span> <span class='ocrx_word' id='word_1_175' title='bbox 1085 3717 1143 3809; x_wconf 92' lang='lat' dir='ltr'>qui</span> <span class='ocrx_word' id='word_1_176' title='bbox 1156 3717 1283 3810; x_wconf 87' lang='lat' dir='ltr'>optime</span> <span class='ocrx_word' id='word_1_177' title='bbox 1298 3717 1370 3787; x_wconf 90' lang='lat' dir='ltr'>fore</span> 
     </span>
     <span class='ocr_line' id='line_1_26' title="bbox 300 3818 1371 3935; baseline 0.006 -29"><span class='ocrx_word' id='word_1_178' title='bbox 300 3836 499 3928; x_wconf 87' lang='lat' dir='ltr'>judicabat,</span> <span class='ocrx_word' id='word_1_179' title='bbox 519 3839 549 3909; x_wconf 95' lang='lat' dir='ltr'>si</span> <span class='ocrx_word' id='word_1_180' title='bbox 568 3838 696 3931; x_wconf 87' lang='lat' dir='ltr'>puellae</span> <span class='ocrx_word' id='word_1_181' title='bbox 719 3841 769 3910; x_wconf 91' lang='lat' dir='ltr'>ita</span> <span class='ocrx_word' id='word_1_182' title='bbox 791 3841 884 3911; x_wconf 91' lang='lat' dir='ltr'>domi</span> <span class='ocrx_word' id='word_1_183' title='bbox 904 3842 1071 3934; x_wconf 90' lang='lat' dir='ltr'>usquead</span> <span class='ocrx_word' id='word_1_184' title='bbox 1091 3842 1232 3935; x_wconf 89' lang='lat' dir='ltr'>nuptias</span> <span class='ocrx_word' id='word_1_185' title='bbox 1251 3818 1371 3913; x_wconf 61' lang='lat' dir='ltr'>inclnss</span> 
     </span>
     <span class='ocr_line' id='line_1_27' title="bbox 305 3961 1370 4052; baseline 0.005 -22"><span class='ocrx_word' id='word_1_186' title='bbox 305 3961 483 4048; x_wconf 86' lang='lat' dir='ltr'>derentnr,</span> <span class='ocrx_word' id='word_1_187' title='bbox 503 3969 541 4033; x_wconf 94' lang='lat' dir='ltr'>ut</span> <span class='ocrx_word' id='word_1_188' title='bbox 561 3993 576 4028; x_wconf 89' lang='lat'>«</span> <span class='ocrx_word' id='word_1_189' title='bbox 610 3988 630 4033; x_wconf 90' lang='lat' dir='ltr'>a</span> <span class='ocrx_word' id='word_1_190' title='bbox 651 3965 814 4046; x_wconf 87' lang='lat' dir='ltr'>circuitu,</span> <span class='ocrx_word' id='word_1_191' title='bbox 831 3972 865 4036; x_wconf 89' lang='lat' dir='ltr'>et</span> <span class='ocrx_word' id='word_1_192' title='bbox 884 3966 1043 4038; x_wconf 87' lang='lat' dir='ltr'>discursu</span> <span class='ocrx_word' id='word_1_193' title='bbox 1074 3997 1089 4031; x_wconf 75' lang='lat' dir='ltr'>a</span> <span class='ocrx_word' id='word_1_194' title='bbox 1113 3967 1370 4052; x_wconf 88' lang='lat' dir='ltr'>cohiberentur,</span> 
     </span>
    </p>
   </div>
   <div class='ocr_carea' id='block_1_4' title="bbox 229 4090 1374 4192">
    <p class='ocr_par' dir='ltr' id='par_1_7' title="bbox 229 4090 1374 4192">
     <span class='ocr_line' id='line_1_28' title="bbox 229 4090 1374 4192; baseline 0.007 -35"><span class='ocrx_word' id='word_1_195' title='bbox 229 4183 232 4192; x_wconf 68' lang='lat'>,</span> <span class='ocrx_word' id='word_1_196' title='bbox 305 4095 424 4180; x_wconf 90' lang='lat' dir='ltr'>utpote</span> <span class='ocrx_word' id='word_1_197' title='bbox 457 4113 535 4182; x_wconf 71' lang='lat' dir='ltr'>quar</span> <span class='ocrx_word' id='word_1_198' title='bbox 565 4090 630 4161; x_wconf 93' lang='lat' dir='ltr'>hoc</span> <span class='ocrx_word' id='word_1_199' title='bbox 655 4099 789 4162; x_wconf 90' lang='lat' dir='ltr'>tantum</span> <span class='ocrx_word' id='word_1_200' title='bbox 816 4093 917 4163; x_wconf 90' lang='lat' dir='ltr'>modo</span> <span class='ocrx_word' id='word_1_201' title='bbox 949 4115 1018 4163; x_wconf 94' lang='lat' dir='ltr'>non</span> <span class='ocrx_word' id='word_1_202' title='bbox 1040 4093 1153 4165; x_wconf 89' lang='lat' dir='ltr'>solnm</span> <span class='ocrx_word' id='word_1_203' title='bbox 1170 4094 1374 4165; x_wconf 83' lang='lat' dir='ltr'>verecundae</span> 
     </span>
    </p>
   </div>
   <div class='ocr_carea' id='block_1_5' title="bbox 335 4345 1097 4680">
    <p class='ocr_par' dir='ltr' id='par_1_8' title="bbox 335 4345 1072 4412">
     <span class='ocr_line' id='line_1_29' title="bbox 335 4345 1072 4412; baseline 0.001 -17"><span class='ocrx_word' id='word_1_204' title='bbox 335 4345 370 4401; x_wconf 85' lang='lat' dir='ltr'>ti)</span> <span class='ocrx_word' id='word_1_205' title='bbox 386 4345 447 4394; x_wconf 88' lang='lat' dir='ltr'>Viv.</span> <span class='ocrx_word' id='word_1_206' title='bbox 463 4347 505 4394; x_wconf 85' lang='lat' dir='ltr'>De</span> <span class='ocrx_word' id='word_1_207' title='bbox 521 4348 622 4407; x_wconf 78' lang='lat' dir='ltr'>Officio</span> <span class='ocrx_word' id='word_1_208' title='bbox 641 4349 749 4408; x_wconf 78' lang='lat' dir='ltr'>mariti,</span> <span class='ocrx_word' id='word_1_209' title='bbox 761 4349 791 4398; x_wconf 90' lang='lat' dir='ltr'>T.</span> <span class='ocrx_word' id='word_1_210' title='bbox 809 4350 846 4398; x_wconf 90' lang='lat' dir='ltr'>ll.</span> <span class='ocrx_word' id='word_1_211' title='bbox 861 4350 889 4398; x_wconf 77' lang='lat' dir='ltr'>u.</span> <span class='ocrx_word' id='word_1_212' title='bbox 909 4350 960 4399; x_wconf 83' lang='lat'>111.</span> <span class='ocrx_word' id='word_1_213' title='bbox 975 4363 1001 4412; x_wconf 91' lang='lat' dir='ltr'>p.</span> <span class='ocrx_word' id='word_1_214' title='bbox 1015 4349 1072 4397; x_wconf 72' lang='grc'>624.</span> 
     </span>
    </p>

    <p class='ocr_par' dir='ltr' id='par_1_9' title="bbox 336 4433 1092 4502">
     <span class='ocr_line' id='line_1_30' title="bbox 336 4433 1092 4502; baseline 0.004 -19"><span class='ocrx_word' id='word_1_215' title='bbox 336 4434 372 4496; x_wconf 75' lang='grc'>(2)</span> <span class='ocrx_word' id='word_1_216' title='bbox 387 4433 428 4484; x_wconf 89' lang='lat' dir='ltr'>Id.</span> <span class='ocrx_word' id='word_1_217' title='bbox 445 4437 487 4484; x_wconf 88' lang='lat' dir='ltr'>De</span> <span class='ocrx_word' id='word_1_218' title='bbox 500 4437 575 4484; x_wconf 77' lang='lat' dir='ltr'>Iure.</span> <span class='ocrx_word' id='word_1_219' title='bbox 588 4440 667 4496; x_wconf 77' lang='lat' dir='ltr'>scum.</span> <span class='ocrx_word' id='word_1_220' title='bbox 680 4437 790 4496; x_wconf 66' lang='lat' dir='ltr'>christ,</span> <span class='ocrx_word' id='word_1_221' title='bbox 803 4439 883 4488; x_wconf 70' lang='lat' dir='ltr'>Praei.</span> <span class='ocrx_word' id='word_1_222' title='bbox 897 4439 926 4487; x_wconf 90' lang='lat' dir='ltr'>T.</span> <span class='ocrx_word' id='word_1_223' title='bbox 941 4439 978 4488; x_wconf 87' lang='grc' dir='ltr'>ΙΙ.</span> <span class='ocrx_word' id='word_1_224' title='bbox 995 4454 1020 4502; x_wconf 88' lang='lat' dir='ltr'>p.</span> <span class='ocrx_word' id='word_1_225' title='bbox 1036 4438 1092 4488; x_wconf 73' lang='lat'><strong>648.</strong></span> 
     </span>
    </p>

    <p class='ocr_par' dir='ltr' id='par_1_10' title="bbox 338 4523 1097 4680">
     <span class='ocr_line' id='line_1_31' title="bbox 338 4523 1097 4590; baseline 0.009 -18"><span class='ocrx_word' id='word_1_226' title='bbox 338 4523 372 4586; x_wconf 86' lang='grc'>(3)</span> <span class='ocrx_word' id='word_1_227' title='bbox 397 4526 425 4574; x_wconf 82' lang='lat' dir='ltr'>S.</span> <span class='ocrx_word' id='word_1_228' title='bbox 445 4523 569 4586; x_wconf 70' lang='lat' dir='ltr'>Gregorii</span> <span class='ocrx_word' id='word_1_229' title='bbox 592 4527 769 4576; x_wconf 75' lang='lat' dir='ltr'>Nazianzeni.</span> <span class='ocrx_word' id='word_1_230' title='bbox 790 4531 890 4590; x_wconf 79' lang='lat' dir='ltr'>Opera.</span> <span class='ocrx_word' id='word_1_231' title='bbox 910 4530 971 4578; x_wconf 83' lang='lat' dir='ltr'>Lnt.</span> <span class='ocrx_word' id='word_1_232' title='bbox 987 4529 1056 4578; x_wconf 79' lang='lat' dir='ltr'>raon.</span> <span class='ocrx_word' id='word_1_233' title='bbox 1070 4556 1097 4565; x_wconf 93' lang='lat'>-·</span> 
     </span>
     <span class='ocr_line' id='line_1_32' title="bbox 368 4613 823 4680; baseline 0.007 -18"><span class='ocrx_word' id='word_1_234' title='bbox 368 4613 459 4675; x_wconf 79' lang='lat' dir='ltr'>Epist.</span> <span class='ocrx_word' id='word_1_235' title='bbox 479 4615 628 4672; x_wconf 79' lang='lat' dir='ltr'>Nr&#39;cobulo,</span> <span class='ocrx_word' id='word_1_236' title='bbox 646 4615 675 4664; x_wconf 91' lang='lat' dir='ltr'>T.</span> <span class='ocrx_word' id='word_1_237' title='bbox 694 4615 716 4664; x_wconf 94' lang='lat' dir='ltr'>I.</span> <span class='ocrx_word' id='word_1_238' title='bbox 730 4630 755 4680; x_wconf 90' lang='lat' dir='ltr'>p.</span> <span class='ocrx_word' id='word_1_239' title='bbox 768 4616 823 4666; x_wconf 79' lang='lat'>871.</span> 
     </span>
    </p>
   </div>
   <div class='ocr_carea' id='block_1_6' title="bbox 0 0 1722 5404">
    <p class='ocr_par' dir='ltr' id='par_1_11' title="bbox 0 0 1722 5404">
     <span class='ocr_line' id='line_1_33' title="bbox 0 0 1722 5404; baseline 0 1"><span class='ocrx_word' id='word_1_240' title='bbox 0 0 1722 5404; x_wconf 95' lang='lat' dir='ltr'> </span> 
     </span>
    </p>
   </div>
  </div>
 </body>
</html>
