3436 5404
779 575 936 640 ..15-

323 744 366 816 ad
408 745 501 818 hanc
533 745 779 839 perficiendam
817 767 902 829 rem,
926 768 1004 838 quae
1036 743 1208 837 imprimis
1235 741 1394 814 difficilis.

322 869 519 955 videbatur,
533 872 628 943 omni
640 894 725 943 cura
734 871 903 955 incubuit,
914 870 1182 962 scribendosque
1192 868 1234 939 de
1249 866 1390 960 Augus-

321 997 387 1068 tini
413 999 575 1070 Civr‘toie
589 1000 663 1069 Dei
686 997 952 1084 commentarios
976 995 1140 1088 suscepit.
1158 995 1332 1072 Quantam
1354 994 1390 1063 in

321 1123 579 1216 conquirendis,
604 1123 817 1206 evolvendis,
842 1121 1157 1216 comparandisque
1179 1119 1391 1211 exemplari·

321 1250 385 1319 bus
404 1235 626 1340 diligentiam
648 1248 860 1332 adhibuerit,
878 1246 1079 1319 incredibile
1095 1252 1159 1317 est.
1174 1246 1391 1340 Quippesin-

320 1358 437 1464 giras
450 1374 585 1466 ligem
595 1374 761 1449 sertulae
775 1374 996 1468 miraturque
1006 1372 1181 1443 industria
1192 1371 1387 1464 indagant,

319 1500 498 1596 explicuit,
518 1499 721 1585 illustravit,
744 1507 778 1571 et
802 1501 839 1570 iu
859 1499 1045 1593 pristinum
1071 1497 1220 1569 nitorem
1239 1497 1390 1568 restituit

320 1625 501 1718 hocopus,
520 1626 611 1719 quod
644 1656 662 1692 c
684 1634 756 1697 tam
781 1649 858 1698 sero
877 1648 937 1720 per
967 1624 1206 1720 typographos
1222 1623 1390 1717 prodiisse

320 1750 355 1819 in
385 1750 562 1843 publicum
587 1752 640 1844 (l)
674 1780 689 1814 >›
726 1751 865 1822 dolebat
895 1753 1077 1824 Erasmus.
1104 1750 1170 1821 Sed
1201 1749 1287 1819 adeo
1321 1771 1389 1819 non

321 1876 439 1947 retulit
478 1877 576 1947 illam
608 1899 713 1971 quarn
752 1878 915 1971 sperabat
944 1876 1109 1970 gratiam,
1146 1883 1185 1946 ut
1217 1875 1389 1946 obtrecta-

318 2001 457 2072 tionem
477 2001 633 2094 effugere
665 2026 735 2073 non
764 2003 926 2097 potuerit.
964 2002 1103 2073 Etenim
1140 1994 1290 2086 tantum,
1327 2023 1388 2093 pro
1464 2009 1468 2017 '

321 2129 454 2201 meritis
490 2131 670 2201 doctorum
711 2131 905 2224 suffragiis,
948 2130 1101 2223 percepit
1142 2129 1312 2199 invidiam
1355 2135 1390 2199 et

320 2254 452 2338 odium,
484 2254 867 2349 vehementissimeque,
902 2264 1068 2349 tanquam
1101 2255 1130 2326 si
1160 2254 1387 2347 sacrilegium

320 2381 531 2464 admisisset,
550 2403 572 2450 a
590 2411 606 2446 «
624 2381 807 2452 monachis
830 2409 846 2445 »
866 2386 1048 2452 accusatus
1063 2381 1189 2472 estqui
1209 2411 1225 2445 «
1248 2379 1384 2450 nihil...

218 2504 221 2510 ’
320 2505 385 2575 viri
415 2513 542 2600 praeter
576 2506 733 2590 barbam,
774 2506 980 2577 eruditionis
1012 2529 1056 2577 ne
1082 2506 1193 2598 pilum
1230 2505 1385 2599 quidem,

319 2632 512 2725 prudentiae
526 2654 595 2702 non
612 2630 721 2702 multo
736 2629 815 2724 plus
836 2631 891 2725 (2)
913 2660 928 2695 a
954 2631 1140 2702 habebant.
1162 2633 1256 2720 Erat
1269 2637 1386 2704 autem
1461 2716 1463 2722 Ι

317 2779 357 2829 eo
373 2758 482 2829 animi
506 2760 629 2829 robore
645 2766 789 2852 saeptus,
808 2765 846 2829 ut
874 2758 1021 2852 quodvis
1049 2759 1164 2852 potius
1192 2758 1385 2852 periculum

316 2883 382 2954 sibi
396 2884 608 2968 adeundum,
627 2907 733 2977 quarn
752 2907 773 2954 a
792 2891 931 2978 sperata
945 2885 1153 2957 eruditionis
1165 2883 1281 2979 gloria
1306 2884 1384 2955 dis·
1454 2947 1459 2956 .
1597 2907 1600 2915 ·

213 3013 232 3075 ’.
316 3012 510 3084 cedendum
547 3018 697 3105 putaret.
736 3013 859 3104 Itaque
901 3011 1110 3106 temperavit
1139 3035 1160 3082 a
1199 3009 1380 3094 convIciis,

315 3134 468 3228 istosque
494 3134 635 3205 rabulas
667 3157 708 3206 ac
734 3133 918 3206 latratores
947 3134 1117 3229 despexit.

364 3259 530 3330 Attamen
558 3257 716 3330 animum
743 3266 923 3352 tantopere
956 3259 1000 3328 ad
1027 3255 1098 3329 hoc
1132 3259 1383 3333 absolvendum

316 3410 403 3480 opus
428 3386 638 3470 intenderat,
661 3394 700 3458 ut
719 3410 763 3457 ex
786 3409 826 3458 eo
842 3392 996 3480 tempore
1011 3409 1201 3481 numquam
1220 3388 1307 3458 bene
1322 3412 1383 3459 va-

314 3513 439 3604 luerit;
461 3512 660 3606 quippecui
683 3543 699 3577 «
727 3511 837 3583 fracto
867 3534 1010 3605 corpore
1038 3519 1175 3597 cuncte,
1202 3520 1236 3585 et
1265 3513 1382 3585 nervis

316 3636 410 3709 velut
424 3637 630 3709 lassitudine
646 3637 797 3729 quadam
812 3645 846 3709 et
865 3628 1043 3709 debilitale
1058 3631 1213 3733 dejectis,
1227 3639 1262 3709 in
1277 3648 1381 3733 caput

314 3764 432 3834 decem
449 3771 564 3834 turres
583 3765 827 3834 incumbere...
851 3763 1034 3834 indicendo
1055 3762 1217 3858 pondere,
1231 3788 1272 3836 ac
1291 3765 1389 3836 mole¹

315 3889 528 3960 intolerabili
547 3917 562 3952 υ
592 3889 806 3960 viderentur.
829 3890 903 3959 Imo
918 3897 951 3960 et
967 3889 1169 3961 cathedram
1187 3880 1380 3962 'ascendere

313 4024 348 4087 et
374 4017 594 4109 juventutem
635 4016 759 4087 docere
794 4038 894 4109 paene
917 4016 1126 4103 destiterat,
1175 4025 1380 4113 tantumque

317 4173 332 4206 α
364 4140 564 4212 scholarum
596 4141 739 4212 taedium
771 4170 787 4206 s
820 4149 1035 4237 perceperat,
1075 4174 1091 4208 «
1127 4151 1166 4216 ut
1193 4144 1332 4237 quidvis
1360 4173 1376 4210 »

344 4400 379 4462 (l)
394 4399 502 4449 Erasm.
517 4399 610 4460 Epist.
630 4399 668 4450 A.
682 4401 827 4459 Fonsccoe,
839 4401 867 4449 T.
885 4402 905 4450 Ι.
922 4401 951 4450 L.
971 4402 1101 4451 XXVIII.
1117 4417 1143 4466 p.
1158 4402 1227 4452 1378.

345 4487 379 4549 (2)
396 4487 436 4537 ld.
455 4487 612 4548 colloquio,
631 4487 660 4535 T.
674 4486 695 4536 Ι.
712 4502 738 4550 p.
757 4487 812 4536 588.
