3436 5404
787 589 946 650 „26-

331 752 451 844 possit.
469 753 548 824 Non
562 759 613 824 est
627 753 710 823 item
720 753 926 824 deterrenda
941 758 1193 822 nocturnarum
1206 747 1395 832 lemurum,

332 886 393 950 aut
428 878 622 962 larvarum,
656 879 960 970 maleficarumque
994 877 1148 968 strigum
1183 872 1398 954 nominibus,

333 1027 413 1098 quae
429 1002 666 1075 amulieribus
677 1003 830 1096 confingi
846 1003 1053 1074 stultissimo
1063 1021 1182 1072 errore
1198 997 1323 1080 solent,
1342 1019 1399 1078 ne,

334 1151 439 1222 quum
453 1128 656 1212 adoleverit,
679 1137 812 1201 terrore
828 1127 918 1198 male
937 1128 1121 1198 afficiatur.

383 1253 464 1324 Sese
487 1254 593 1325 etiam
605 1255 827 1325 abstinebunt
839 1260 999 1348 parentes
1011 1253 1054 1322 ab
1070 1249 1255 1342 impudicis
1269 1245 1396 1327 verbis,

332 1380 586 1473 admodumque
598 1380 770 1450 cavebunt
784 1402 827 1449 ne
844 1379 930 1461 risu,
958 1401 1000 1448 ne
1015 1383 1101 1447 nutu
1114 1375 1268 1468 quidem,
1282 1370 1399 1463 turpia

266 1552 269 1558 ·
332 1505 476 1597 probare
507 1505 693 1575 videantur
707 1529 716 1594 3
750 1504 939 1575 sederunt
968 1509 1095 1574 cuncta
1123 1501 1175 1570 ita
1203 1503 1313 1583 casta,
1350 1495 1399 1564 ita

331 1655 431 1726 pura,
449 1633 499 1703 ita
517 1640 650 1714 sancta,
674 1638 712 1704 ut
735 1654 870 1725 semper
885 1637 966 1703 ante
982 1629 1100 1701 oculos
1121 1624 1247 1720 puellae
1264 1622 1400 1694 modes-

331 1757 391 1828 tiae
411 1757 618 1848 virtutisque
638 1757 757 1848 imago
773 1763 954 1850 appareat.
973 1753 1125 1825 Multum
1150 1751 1243 1822 enim
1262 1747 1306 1817 iis
1330 1767 1401 1815 mo-

333 1904 454 1952 vemur
476 1881 643 1973 exemplis
671 1905 750 1974 quae
772 1880 867 1952 velut
891 1881 934 1951 de
964 1880 1078 1950 vicino
1108 1871 1398 1966 contemplamur,

332 2006 525 2098 meliusque
553 2029 595 2076 ea
623 2005 824 2099 effingimus
844 2007 889 2076 ad
923 2028 1002 2097 quae
1022 2027 1065 2074 ex
1089 2000 1248 2096 proximo
1267 2017 1403 2087 compo·

333 2131 461 2202 nimur.

380 2256 547 2334 Quamvis
566 2279 634 2326 000
656 2257 797 2349 perinde
817 2256 954 2326 doctam
970 2278 1011 2325 ac
1027 2255 1189 2348 pudicam
1208 2275 1282 2324 esse
1302 2252 1398 2345 puel·

331 2381 402 2451 lam
420 2387 590 2474 oporteat,
607 2391 723 2455 tamen
739 2384 854 2454 veniet
872 2389 1021 2475 tempus,
1035 2404 1102 2474 quo
1113 2383 1189 2475 jam
1204 2381 1248 2451 ad
1264 2379 1397 2450 littera-

333 2529 411 2579 rum
443 2508 596 2578 studium
617 2507 747 2579 habilis
773 2532 849 2579 esse
877 2508 1049 2577 videbitur
1070 2507 1142 2599 (l);
1174 2506 1300 2598 quippe
1328 2527 1396 2574 non

333 2640 415 2702 nata
435 2640 543 2703 estut
561 2632 626 2702 soli
646 2633 712 2702 sibi
728 2633 836 2717 vivat,
854 2633 916 2702 sed
931 2641 970 2703 ut
986 2633 1020 2702 in
1036 2632 1216 2703 hominum
1233 2632 1396 2702 societate

331 2765 366 2828 et
389 2759 638 2828 communitate
659 2766 828 2828 versetur.
859 2760 956 2851 Ergo
983 2768 1064 2829 ante
1090 2758 1208 2828 omnia
1232 2757 1398 2851 percipiet

332 2883 445 2975 prima
472 2882 608 2975 linguae
629 2883 841 2969 rudimenta,
870 2882 1133 2975 litterarumque
1153 2905 1256 2953 sonos
1277 2889 1397 2974 postea

330 2986 509 3078 docebitur
528 3015 562 3077 et
587 3008 714 3078 diserte
735 3008 886 3101 proferet
916 3008 1009 3079 Sciet
1032 3008 1180 3100 denique
1205 3031 1248 3078 er
1271 3006 1397 3077 litteris

330 3132 418 3202 alias
434 3131 586 3215 vocales,
609 3132 699 3202 alias
727 3140 954 3203 consonantes
975 3133 1106 3215 vocari,
1130 3139 1213 3224 quot
1228 3140 1261 3202 et
1276 3130 1396 3224 quales

329 3258 411 3343 sint,
445 3265 479 3329 et
508 3257 701 3350 quibusda
726 3259 842 3328 causis
867 3259 915 3328 sic
940 3247 1169 3351 appellentur.
1201 3259 1282 3328 Non
1304 3257 1395 3326 enim

330 3382 430 3474 parvi
473 3382 578 3451 refert
612 3382 655 3451 ad
690 3382 927 3474 insequentem
961 3382 1183 3476 disciplinam
1212 3381 1395 3475 ‘quomodo

330 3505 484 3600 syllabas
495 3513 529 3592 et
540 3507 644 3576 verba
659 3508 886 3599 pronuntiare
899 3508 1130 3594 consueverit,
1143 3530 1185 3578 ne
1196 3529 1392 3600 perperam,

226 3688 229 3694 .
332 3656 374 3702 ne
420 3633 593 3716 barbare,
642 3656 684 3704 ne
725 3633 887 3718 absurde,
938 3635 996 3704 sed
1036 3633 1128 3704 01000
1166 3634 1394 3726 decenterque

331 3757 505 3849 loquatur.

380 3884 529 3975 Operam
549 3883 741 3954 formandis
758 3883 886 3954 litteris
904 3885 994 3954 inter
1010 3885 1084 3954 1000
1104 3885 1221 3954 omnia
1236 3885 1344 3970 dabit,
1364 3892 1397 3955 et

331 4016 422 4104 recte
437 4008 664 4100 celeriterque
684 4009 791 4081 simul
807 4033 868 4103 per
888 4011 1004 4082 lusum
1028 4011 1179 4081 scribere
1206 4010 1395 4084 assuescet,

330 4135 420 4206 Illud
442 4157 522 4204 vero
549 4134 721 4227 imprimis
750 4136 930 4206 cavebitur
960 4159 1015 4220 00,
1044 4136 1245 4207 exercendae
1272 4159 1398 4208 manus

329 4260 458 4353 gratia,
481 4259 588 4353 inepti
613 4289 628 4324 «
653 4283 835 4344 versus...‚
867 4269 929 4332 aut
950 4285 1042 4331 vana
1074 4261 1299 4333 contiuncula
1316 4291 1332 4325 »
1355 4263 1398 4332 ad

328 4386 559 4457 imitationem
580 4386 612 4457 ei
636 4394 889 4481 proponantur,
928 4388 988 4458 sed
1016 4387 1157 4480 aliquod
1197 4411 1345 4481 «grave
1379 4416 1394 4450 »

362 4562 395 4626 (l)
409 4561 471 4612 Viv.
486 4564 528 4614 Dc
544 4565 617 4613 Inst.
634 4566 712 4624 soem.
727 4564 837 4624 christ,
851 4563 881 4613 T.
894 4563 935 4614 11.
956 4563 991 4614 L.
1007 4564 1029 4614 Ι.
1043 4563 1072 4615 C.
1089 4564 1141 4615 III.
1160 4579 1186 4630 p.
1200 4564 1256 4614 651.
