3436 5404
778 641 927 701 -28-

322 799 571 872 instituendam
590 822 678 883 esse,
697 806 872 892 putarent.
905 798 974 869 Sed
994 821 1062 870 non
1083 799 1169 870 adeo
1189 800 1391 892 imprudens

324 935 470 998 aetatum
499 925 567 996 fuit
596 924 715 1008 ViveS,
744 932 782 996 ut
804 925 1028 996 immodicam
1048 927 1206 1018 exigeret
1224 949 1388 1019 operam3

325 1053 395 1121 imo
410 1051 596 1144 egregium
616 1051 771 1122 servavit
788 1051 951 1133 modum,
962 1074 1043 1123 nam
1059 1074 1100 1120 ea
1114 1051 1156 1121 de
1171 1073 1208 1121 re
1223 1051 1391 1122 delibera-

325 1176 455 1247 tionem
486 1175 530 1244 ad
559 1183 742 1267 parentum
777 1175 986 1267 suffragium
1019 1176 1160 1246 omnino
1188 1177 1388 1270 rejecit(l).

324 1303 403 1372 Non
419 1302 510 1393 qnod
526 1300 753 1372 mulierculas
772 1301 911 1372 audiret
926 1300 1018 1383 illas,
1038 1324 1127 1393 quae,
1148 1301 1280 1372 crudeli
1295 1301 1394 1371 mise·

326 1427 476 1496 ricordia
498 1434 531 1496 et
555 1424 699 1495 inimica
721 1425 975 1508 benevolentia,
999 1424 1149 1518 puellam
1170 1426 1261 1497 inter
1276 1426 1393 1496 ancil-

324 1552 439 1622 larum
475 1551 624 1644 ineptias
663 1551 724 1622 diu
759 1551 982 1622 detinendam
1009 1574 1084 1622 esse
1117 1551 1316 1634 censebant,
1354 1574 1395 1622 ac

326 1701 468 1771 prorsus
484 1677 657 1760 alitteris
679 1685 848 1769 tanquam
869 1701 890 1747 a
910 1699 1055 1762 venen0,
1075 1676 1262 1746 arcendam
1277 1676 1395 1747 existi-

326 1804 479 1874 mabant.
504 1802 594 1874 lllud
610 1809 748 1874 tanturn
763 1802 992 1896 praescripsit,
1014 1802 1048 1871 in
1065 1801 1238 1871 discendis
1257 1801 1395 1872 studio-

325 1953 403 2002 rum
430 1929 650 2013 rudimentis
675 1927 765 1999 nihil
790 1951 860 1998 non
893 1936 926 1998 et
953 1929 1097 2021 cognitu
1122 1928 1332 2021 jucundum,
1363 1934 1397 1997 et

325 2054 518 2149 puerilibus
536 2054 688 2148 ingeniis
709 2055 811 2146 quasi
827 2060 1017 2147 cognatum
1031 2076 1118 2124 esse.

376 2181 490 2258 Quum
503 2179 701 2272 pervenerit
710 2180 776 2250 rite
787 2187 911 2272 parata
921 2178 1038 2272 puella
1048 2179 1092 2249 ad
1103 2180 1194 2250 hanc
1207 2179 1397 2249 firmiorem

327 2312 482 2387 atatem,
501 2326 571 2396 qua
585 2327 654 2374 non
666 2303 743 2396 jam
756 2303 906 2397 puerilia
926 2303 1182 2375 oblectamenta
1206 2303 1397 2387 sufficiunt,

328 2431 386 2502 sed
400 2431 582 2523 graviores
602 2438 694 2500 artes
710 2430 949 2522 requiruntur,
968 2438 1043 2500 tum
1062 2430 1307 2522 grammaticae
1326 2438 1399 2499 stu-

329 2557 437 2639 debit,
481 2557 541 2628 sed
582 2554 632 2626 illi
673 2564 805 2648 apertae
849 2579 889 2626 ac
924 2556 1087 2650 simplici,
1133 2557 1250 2648 magis
1295 2578 1399 2648 quam

329 2681 447 2750 anxiae
478 2703 518 2750 ac
543 2680 709 2750 modestae
735 2680 997 2772 grammaticam
1025 2703 1105 2751 nam
1135 2689 1175 2751 ut
1198 2679 1399 2750 indicendo

329 2806 555 2875 scribendove
595 2812 695 2876 nocet
734 2827 891 2875 normam
923 2805 1066 2876 omnino
1106 2805 1305 2897 negligere,
1348 2806 1397 2875 sic

328 2953 404 3000 eam
428 2929 547 3001 odiose
574 2953 715 3001 servare
735 2930 992 3022 ineptissimum
1013 2939 1077 3002 est.
1104 2931 1220 3008 Quare
1235 2931 1271 3001 in
1292 2953 1398 3000 manu

330 3061 463 3126 tersum
483 3062 518 3125 et
532 3055 684 3127 nitidum
700 3054 859 3127 libellum
874 3057 1020 3127 habebit
1033 3055 1198 3149 aliquem,
1222 3057 1257 3126 in
1274 3078 1342 3149 quo
1356 3056 1398 3126 de

334 3181 518 3251 verborum
551 3179 856 3265 declinationibus
889 3182 936 3266 vi,
974 3182 1159 3275 regimine,
1197 3182 1396 3275 generibus

331 3305 600 3389 constructione,
632 3305 769 3398 figuris,
797 3305 958 3376 distincte
974 3314 1008 3377 et
1027 3305 1222 3378 illuminate
1237 3306 1401 3400 disputa-

333 3430 440 3500 bitur.
467 3429 524 3500 Sic
550 3429 689 3501 facilem
712 3431 778 3500 sibi
808 3432 1024 3524 comparabit
1042 3432 1087 3501 ad
1108 3431 1197 3502 alias
1211 3440 1303 3503 artes
1319 3432 1401 3502 adi-

334 3563 420 3640 tum,
446 3577 514 3647 quo
538 3555 567 3625 si
595 3562 747 3639 careret,
775 3578 836 3648 per
862 3578 981 3626 omnes
1007 3555 1210 3649 disciplinas
1234 3561 1401 3647 tanquam

332 3704 426 3752 caeca
451 3681 642 3764 aberraret,
676 3703 740 3750 nec
773 3680 985 3774 optimarum
1016 3703 1133 3752 rerum
1166 3680 1399 3772 cognitionem

334 3830 487 3901 unquam
501 3815 781 3900 consequeretur.
800 3807 1031 3879 Nolettamen
1042 3808 1160 3878 omnia
1174 3807 1274 3889 scire,
1293 3829 1399 3900 quum

333 3929 456 4000 inutile
472 3929 575 4023 plane
591 3930 637 4000 sit
653 3929 867 4022 investigare
883 3954 1075 4030 qnancausa
1090 3929 1324 4002 masculinum
1340 3939 1401 4002 aut

332 4054 522 4125 femineum
543 4055 588 4125 sit
608 4054 674 4124 hoc
690 4062 753 4126 aut
765 4055 851 4126 illud
869 4057 1014 4126 verbum
1028 4079 1036 4142 3
1055 4056 1115 4126 sed
1131 4078 1234 4127 usum
1250 4077 1400 4126 consue-

331 4179 557 4272 tudinemque
568 4193 763 4264 auctorum,
780 4180 839 4272 qui
856 4181 936 4250 boni
948 4188 1052 4273 atque
1066 4179 1167 4252 electi
1178 4181 1398 4264 exstiterunt,

333 4327 438 4397 quam
454 4303 723 4396 diligentissime
739 4305 941 4377 observabit
957 4305 1023 4395 (2).

365 4500 398 4562 (1)
415 4497 480 4547 viv.
497 4500 536 4547 Dc
548 4499 624 4548 Inst.
641 4502 722 4559 soem.
739 4499 858 4557 Christ,
873 4499 902 4548 T.
919 4499 959 4549 II.
975 4499 1005 4548 L.
1025 4499 1049 4549 Ι.
1069 4499 1100 4550 C.
1118 4499 1173 4549 ΠΙ.
1193 4516 1219 4563 p.
1234 4499 1290 4556 (132,

366 4576 397 4636 (2)
409 4577 453 4626 Id.
474 4579 515 4626 Dc
529 4577 642 4625 ratione
654 4577 745 4625 stridit
755 4578 889 4638 puerilis,
906 4579 939 4628 T.
961 4579 983 4629 I.
998 4594 1027 4642 p.
1046 4577 1070 4627 1.
