3436 5404
749 628 905 687 ,91-

292 786 491 858 felicissime
511 785 680 856 viverent.
700 785 798 864 Quod
814 785 954 878 quidem
973 806 1079 877 quum
1101 806 1144 853 ex
1158 783 1360 854 honestissi-

291 917 358 987 mis
373 915 488 987 causis
503 915 799 1009 proficiscebatur,
822 921 896 985 tum
912 935 994 985 vero
1013 936 1080 984 non
1096 913 1146 983 ita
1161 912 1360 985 mirandum

291 1052 379 1129 erat,
419 1046 448 1116 si
478 1045 695 1138 reputaveris
725 1067 805 1136 quae
832 1043 938 1114 fuerit
962 1041 1102 1113 Erasmi
1127 1042 1299 1114 sententia
1319 1043 1362 1113 de

295 1171 575 1242 «monasteriis»
595 1192 673 1262 quae
690 1200 704 1232 t
721 1169 804 1238 vitae
815 1167 1010 1260 ergastula,
1025 1190 1093 1238 non
1105 1168 1179 1238 sine
1193 1168 1361 1239 instinctu

292 1294 434 1365 Satanae
463 1295 605 1366 inducta
621 1273 704 1387 (1)»
737 1294 844 1365 fuisse
870 1292 1104 1363 existimabat.
1133 1293 1250 1385 Atque
1274 1293 1361 1364 adeo

291 1442 359 1490 non
375 1421 520 1514 putabat
538 1420 742 1491 alliciendas
762 1419 805 1488 ad
825 1419 1082 1489 «monasticam
1098 1418 1236 1488 vitam»
1255 1419 1360 1512 puel-

291 1543 356 1626 las,
384 1552 421 1615 ut
450 1544 619 1615 acerrime
647 1542 910 1636 reprehenderit
944 1541 1211 1633 «quorumdam
1237 1542 1361 1612 Phari·

291 1682 464 1742 satcorum
499 1671 802 1765 improbitatem»,
842 1669 914 1761 qui,
949 1699 964 1732 «
978 1669 1084 1760 juxta
1124 1668 1359 1738 testimonium

290 1794 545 1888 Evangelicum
560 1823 592 1878 »,
615 1817 677 1888 per
701 1817 821 1864 omnes
842 1794 990 1865 divitum
1012 1795 1118 1878 aedeS,
1152 1816 1212 1886 per
1240 1817 1360 1865 omnes

290 1921 442 2003 scholas,
470 1921 671 2013 peremnia
695 1920 859 1990 convivia
880 1918 1163 1990 obambulabant.
1190 1920 1236 1990 Et
1254 1943 1358 2014 quam

289 2047 332 2117 ob
362 2070 449 2129 rem,
480 2047 528 2116 dii
554 2036 662 2117 bonit
691 2046 738 2114 Ut
770 2077 785 2109 a
801 2043 1015 2139 proselytum
1035 2043 1188 2137 aliquem
1201 2046 1256 2136 (2)
1271 2075 1286 2110 »
1323 2045 1359 2115 in

290 2195 429 2242 nassam
453 2172 647 2255 allicerent,
667 2172 793 2263 vixque
819 2171 1000 2240 credendis
1024 2171 1157 2242 artibus
1171 2193 1359 2265 puerorum

290 2323 330 2370 ac
353 2299 549 2394 puellarum
579 2299 778 2370 credulitati
807 2297 1073 2370 insidiarentur.
1099 2298 1235 2391 Quippe
1255 2321 1360 2370 nove-

291 2430 371 2494 rant
391 2430 532 2494 aetatem
547 2432 580 2494 et
600 2422 741 2515 injuriae
762 2428 796 2491 et
811 2421 927 2492 fraudi
949 2421 1121 2508 idoneam,
1138 2444 1265 2515 eosque
1284 2446 1360 2516 per-

290 2549 479 2620 trahebant
506 2549 542 2619 in
572 2548 606 2618 id
644 2547 727 2618 vitae
761 2569 886 2639 genus,
923 2548 1013 2666 qnde
1043 2545 1149 2618 semel
1175 2548 1301 2620 irretiti
1322 2572 1358 2620 se

290 2677 462 2747 extricare
482 2698 551 2747 non
571 2674 778 2769 potuissent.

340 2803 407 2875 Sed
428 2803 527 2873 nobis
543 2825 612 2874 non
632 2801 800 2872 inanimo
818 2808 871 2872 est
890 2801 1032 2895 singula
1046 2802 1163 2875 odiose
1179 2823 1359 2877 recensere

290 2952 367 3022 quae
383 2929 509 3000 Vivem
528 2929 619 2999 inter
633 2940 667 2999 et
690 2928 877 2999 Erasmum
899 2927 1097 3000 communia
1113 2930 1246 3022 passim
1261 2953 1358 3024 repe-

289 3056 441 3140 riuntur,
460 3077 567 3148 quum
581 3078 622 3124 ea
642 3055 715 3124 fere
730 3052 1005 3125 innumerabilia
1020 3054 1101 3125 sint.
1114 3055 1188 3125 Nec
1203 3056 1330 3128 mirum
1346 3081 1353 3144 ;

290 3181 417 3274 quippe
435 3180 556 3250 eodem
576 3186 732 3272 tempore
752 3180 853 3249 ambo
869 3180 1045 3264 vixerunt,
1068 3202 1129 3250 nec
1149 3203 1219 3251 non
1236 3181 1359 3252 iisdem

290 3306 489 3378 auctoribus
512 3306 636 3378 imbuti
664 3314 757 3390 sunt,
792 3305 861 3375 imo
890 3305 1027 3397 utrique
1049 3328 1112 3398 par
1138 3307 1358 3400 antiquitatis
1384 3367 1386 3372 .

290 3453 401 3514 amor,
425 3455 488 3525 par
507 3430 725 3503 scholasticae
750 3429 965 3500 confusionis
994 3430 1125 3515 odium,
1152 3453 1216 3524 par
1236 3455 1356 3504 recen·
1434 3463 1436 3466 ·

289 3556 389 3628 tioris
404 3555 636 3650 philosophiae
655 3555 821 3648 cognitio,
854 3578 894 3625 ac
916 3555 958 3624 de
975 3555 1055 3625 vitae
1070 3578 1207 3648 quoque
1227 3579 1356 3649 genere

289 3683 380 3753 inter
398 3705 457 3753 eos
476 3682 618 3777 quidam
632 3704 823 3754 consensus
841 3681 919 3752 fuit.

338 3807 430 3880 Tum
459 3807 576 3876 lloruit
602 3805 777 3876 Lutherus
811 3803 874 3893 ille
906 3805 978 3897 qui,
1015 3828 1123 3898 quum
1153 3815 1358 3900 quereretur

289 3933 408 4003 omnia
422 3932 611 4027 gymnasia
630 3962 645 3995 «
664 3929 790 4001 collabi
807 3930 859 4023 (3)
885 3958 917 4015 υ,
934 3913 1037 4023 atque
1060 3962 1076 3996 «
1096 3930 1202 4003 aliam
1219 3933 1357 4004 vivendi

290 4058 460 4129 rationem
488 4064 522 4127 et
547 4057 639 4126 viam
667 4056 741 4126 Deo
773 4056 1006 4148 acceptiorem
1036 4065 1070 4127 et
1099 4056 1217 4128 liberis
1245 4058 1360 4153 magis

319 4272 356 4334 (l)
375 4270 479 4320 Erasm.
506 4271 596 4330 Epist.
622 4296 652 4306 -
679 4269 771 4331 Epist.
797 4270 862 4318 Lt'o.
891 4269 1045 4319 :londonio
1071 4272 1254 4331 cartusiano,
1280 4273 1310 4322 T.
1337 4273 1360 4323 Ι,

290 4361 324 4410 1,.
344 4359 556 4422 xxt'.p.1:tut.
947 4342 949 4347 '

287 4447 289 4452 ’
320 4449 355 4510 (2)
372 4447 409 4494 ld.
427 4447 519 4507 Epist.
536 4472 566 4482 -
585 4444 678 4506 Epist.
698 4446 730 4494 L.
746 4445 889 4502 (ἱνιιηηιό,
903 4445 932 4492 Τ.
943 4445 964 4494 Ι.
978 4445 1009 4494 li.
1024 4445 1107 4496 XXV.
1126 4462 1154 4510 p.
1170 4447 1239 4497 1283.

321 4537 356 4600 (3)
373 4535 498 4584 lmtheri.
517 4536 555 4583 Dc
568 4536 634 4582 inst.
647 4534 757 4595 peruris,
774 4533 802 4581 Τ.
821 4533 880 4581 t'rl.
899 4549 924 4596 p.
938 4533 995 4582 438.
1013 4548 1050 4584 νυ.
