3436 5404
825 628 982 688 „38-

370 789 554 866 formosior
582 791 691 861 videri
715 790 846 883 cupit?
877 792 915 860 In
947 789 1106 860 fraudem
1136 788 1277 860 incidit!
1304 789 1458 886 Nempe
1572 787 1574 792 ’

371 916 535 990 maritum
551 915 607 986 his
622 913 808 998 illecebris,
819 915 920 1008 quasi
937 914 1087 1007 quodam
1100 913 1222 995 harno,
1246 912 1387 984 allicere
1408 920 1442 982 et

369 1039 509 1115 trahere
525 1039 758 1132 aggreditur?
775 1041 855 1125 Noe,
887 1039 955 1110 nisi
966 1038 1176 1123 insanimus,
1190 1036 1295 1109 stulte
1319 1037 1388 1108 hoc
1404 1045 1439 1108 et

369 1164 525 1238 incaute!
549 1166 722 1258 Namque,
750 1188 858 1258 quum
888 1173 997 1257 nupta
1016 1165 1096 1248 erit,
1123 1173 1261 1234 tantum
1275 1164 1352 1256 jam
1371 1162 1440 1232 dis·
1522 1184 1523 1188 ¹

369 1290 512 1383 plicabit
540 1290 683 1374 nudata,
712 1298 881 1383 quantum
905 1289 996 1360 fictis
1011 1289 1225 1359 ornamentis
1239 1289 1330 1360 freta
1348 1287 1439 1358 male

367 1413 526 1508 placebat
545 1416 612 1508 (l).
646 1415 737 1493 Quid
771 1417 913 1508 posteat
939 1416 1026 1486 Haec
1052 1438 1126 1508 quo
1165 1415 1234 1484 sint
1271 1422 1439 1506 eruptura

367 1539 543 1624 timemus,
553 1539 824 1634 conjecturaque
835 1540 936 1610 valde
945 1540 988 1610 ad
1002 1539 1250 1632 suspicandum
1260 1538 1435 1621 ducimur,

369 1665 598 1738 virumillum
609 1667 668 1759 qui
688 1665 781 1737 dulci
797 1668 951 1760 quadam
966 1666 1121 1759 imagine
1136 1667 1301 1759 deceptus
1316 1665 1434 1748 fuerit,

368 1791 497 1864 erroris
512 1792 568 1863 sui
584 1814 729 1862 causam
744 1792 821 1884 jam
836 1815 911 1863 esse
930 1800 1188 1863 aversaturum.

418 1918 534 1995 Quare
557 1916 588 1988 si
613 1916 724 2011 sapiet
752 1918 881 2010 puella,
901 1941 973 1988 non
996 1947 1012 1982 «
1027 1916 1158 1987 fucabit
1176 1945 1191 1980 a
1214 1916 1352 1996 faciem,
1376 1916 1435 1986 sed

369 2066 504 2127 sanam,
528 2044 656 2114 siccam
671 2053 705 2116 et
716 2046 888 2116 sinceram
904 2045 1063 2131 habebit;
1083 2066 1153 2113 non
1176 2071 1191 2107 «
1210 2037 1402 2132 sapunculo
1416 2067 1432 2102 n

368 2169 494 2252 illinet,
527 2171 586 2242 sed
615 2195 708 2264 aqua
735 2202 750 2237 c
767 2171 885 2242 abluet
903 2195 940 2260 »;
970 2194 1039 2241 non
1064 2168 1276 2240 calamistris
1291 2165 1435 2259 capillos

367 2294 484 2366 inuret
511 2304 572 2366 aut
594 2296 737 2380 inficiet,
766 2306 804 2367 ut
832 2296 1065 2367 assimilatum
1091 2293 1436 2384 commentitiumque

253 2479 254 2482 η
366 2420 519 2492 colorem
540 2421 687 2492 subinde
697 2424 820 2515 jactet,
850 2429 967 2492 tamen
988 2444 1052 2491 nec
1075 2451 1091 2485 «
1110 2420 1265 2512 impexos
1279 2447 1294 2481 »
1322 2411 1436 2510 neque

327 2619 331 2628 ,
370 2545 625 2617 «furfuribus»
650 2569 854 2639 conspersos
874 2546 1027 2629 habebit,
1046 2545 1228 2637 ipsumque
1244 2549 1348 2636 caput
1362 2550 1432 2612 eta
1503 2624 1506 2630 ,

365 2671 490 2742 sudore
509 2677 543 2742 et
562 2695 584 2741 a
610 2671 773 2764 squalore
791 2672 964 2759 tuebitur;
991 2693 1059 2741 non
1088 2669 1337 2741 delicatissimo
1355 2668 1433 2738 odo·

365 2815 446 2865 rum
465 2817 529 2865 usu
545 2796 681 2887 putida,
704 2796 821 2866 minus
838 2802 955 2866 autem
978 2794 1099 2865 faetore
1119 2793 1264 2864 horrida
1288 2793 1367 2862 erit.
1392 2793 1430 2861 ln

365 2920 505 3012 speculo
522 2943 606 2992 sane
621 2945 657 2992 se
672 2922 877 3004 intuebitur,
900 2929 934 2992 et
952 2921 989 2991 id
1004 2921 1141 3013 quidem
1164 2943 1232 2990 non
1247 2927 1286 2990 ut
1305 2918 1441 3010 longas

363 3041 468 3114 horas
482 3029 618 3116 comam
637 3052 832 3138 componat,
851 3046 909 3115 sed
927 3043 1067 3137 nequid
1091 3043 1231 3113 ridiculi
1256 3050 1318 3112 aut
1336 3041 1428 3112 inso-

360 3166 465 3238 lentis
485 3169 541 3240 vel
559 3169 596 3240 in
621 3192 693 3257 ore,
712 3170 768 3240 vel
787 3170 823 3240 in
839 3170 951 3263 capite
967 3170 1025 3240 sit.
1046 3169 1203 3260 Denique
1219 3168 1309 3260 quod
1328 3167 1428 3236 disci·
1464 3160 1466 3164 ’

359 3292 451 3386 pulis
469 3295 631 3366 Socrates
646 3296 834 3388 praecipere
849 3294 993 3377 solebat,
1012 3295 1046 3363 id
1063 3293 1197 3387 putabit
1211 3299 1246 3362 et
1264 3290 1328 3360 sibi
1350 3313 1425 3360 esse

356 3419 506 3511 dictum3
529 3419 662 3491 scilicet
677 3427 716 3492 ut
735 3421 771 3491 in
792 3419 933 3514 speculo
952 3443 988 3490 se
1009 3425 1224 3512 spectarent;
1238 3417 1267 3487 si
1279 3415 1422 3486 formosi

356 3544 570 3631 viderentur,
606 3553 769 3616 curarent
795 3554 833 3616 ut
861 3553 895 3616 et
927 3545 1000 3637 ipse
1028 3545 1201 3614 formosus
1235 3542 1423 3612 haberetur

355 3669 512 3761 animus3
531 3670 585 3739 sin
605 3671 790 3755 deformes,
808 3670 918 3740 animi
938 3669 1199 3763 pulchritudine
1218 3667 1421 3737 deformita-

353 3803 423 3864 tem
439 3795 594 3888 corporis
609 3803 875 3888 compensarent
896 3795 962 3888 (2).

403 3919 584 3990 Postremo
594 3943 637 3991 ne
647 3920 824 4013 pudicitiae
842 3919 963 3990 florem
978 3918 1080 3990 illum
1100 3917 1155 3988 vel
1170 3917 1281 3987 invita
1299 3915 1418 3997 laedat,

352 4043 389 4114 in
412 4044 551 4138 publico
575 4067 643 4116 non
671 4046 750 4127 erit,
775 4045 835 4115 sed
863 4043 1019 4115 includet
1033 4067 1069 4114 se
1088 4044 1196 4126 domi,
1219 4062 1421 4134 quumraro

352 4168 510 4239 incidant
523 4171 665 4263 negotia
679 4171 805 4263 quibus
826 4193 951 4240 vacare
969 4169 1093 4240 debeat
1105 4176 1142 4239 ut
1156 4168 1232 4238 haec
1251 4172 1331 4259 apte
1346 4164 1421 4234 fieri

351 4292 484 4384 possint
497 4291 564 4386 (3).
584 4292 621 4364 si
637 4293 739 4364 detur
747 4298 863 4363 tamen
874 4293 910 4362 in
925 4292 1038 4362 medio
1051 4291 1232 4362 hominum
1246 4308 1417 4358 concursu

381 4459 416 4524 (1)
436 4459 502 4509 Viv.
516 4461 558 4509 De
570 4461 647 4508 Iost.
662 4462 746 4520 soem.
765 4460 879 4524 christ,
895 4474 922 4522 p.
935 4458 991 4508 dssb.

381 4547 414 4612 (2)
430 4548 615 4609 1d.1oio.,T.
630 4548 669 4598 Il.
685 4549 717 4597 L.
732 4547 759 4596 Ι.
778 4548 810 4598 C.
825 4548 903 4598 VIII.
922 4563 952 4612 p.
966 4547 1023 4596 670.

379 4636 413 4700 (3)
430 4636 473 4686 ld,
493 4636 583 4695 Isim,
598 4637 631 4687 T.
652 4636 692 4685 II.
708 4637 741 4686 L.
758 4637 783 4686 Ι.
799 4637 830 4688 C.
845 4637 893 4686 XI.
908 4651 938 4700 p.
957 4635 1015 4686 677.
