3436 5404
754 591 790 599 -.
816 558 853 617 53
887 589 917 599 -

297 719 424 814 puellae
446 741 532 812 opus
553 719 612 802 sit,
636 719 675 790 ut'
691 742 733 790 ex
749 719 808 790 illo
836 721 999 813 ancipite,
1021 727 1058 792 ut
1078 720 1189 803 aiunt,
1212 717 1363 790 lubrico·
1434 761 1437 766 ·

297 867 362 938 que
396 844 560 935 transitu,
592 845 666 914 siue
708 867 770 916 suo
805 845 958 938 periculo
997 844 1153 916 evadatl
1182 843 1361 922 Quomodo

297 977 415 1043 autem
435 969 527 1042 vires
542 968 636 1042 alere
650 977 684 1042 et
698 970 836 1044 firmare
859 977 988 1064 posset,
1012 970 1079 1040 nisi
1100 993 1141 1040 eo
1157 969 1233 1040 cibo
1249 976 1364 1042 utere-

299 1106 356 1168 tur
371 1096 431 1189 qni
450 1103 484 1168 et
499 1095 751 1168 saluberrimus
766 1103 800 1167 et
812 1098 902 1168 idem
922 1096 1187 1190 copiosissimus
1204 1098 1319 1168 essetl

349 1219 370 1288 J
373 1218 472 1289 amin
485 1218 732 1290 hismanifesta
746 1249 761 1284 l
774 1220 864 1292 ruris
874 1249 906 1304 u,
917 1219 951 1289 id
966 1227 1018 1290 est
1029 1219 1156 1290 veteris
1171 1216 1368 1311 disciplinae

302 1343 462 1440 vestigia,
485 1343 809 1438 deprehenduntur3
836 1344 967 1416 clarius
987 1351 1104 1416 autem
1135 1343 1364 1438 apparebunt,

303 1471 331 1541 si
358 1493 436 1564 quae
457 1469 499 1541 de
519 1469 706 1542 mulierum
723 1472 865 1566 ingenio
884 1495 925 1542 ac
940 1479 1068 1544 natura
1087 1467 1228 1542 sentiret
1245 1469 1365 1554 ViveS,

304 1619 346 1667 ea
360 1594 538 1667 illustrata
552 1603 587 1667 et
605 1583 781 1690 patefacta
796 1597 976 1668 habueris.

356 1721 516 1792 Primum
545 1752 560 1787 «
576 1722 758 1793 tueminam
777 1730 923 1794 tacere»
946 1723 1075 1794 mirum
1095 1721 1271 1815 quoddam
1290 1743 1372 1815 por-

308 1852 442 1918 tentum
471 1854 524 1918 est
546 1855 581 1919 et
606 1847 818 1921 monstrum!
850 1849 1011 1942 Nam-ita
1026 1847 1130 1919 celeri
1147 1853 1374 1941 promptaque

309 1969 434 2064 lingua
448 1979 584 2044 cunctae
601 1980 696 2061 sunt,
715 1981 754 2045 ut
772 2003 787 2038 α
802 1973 919 2044 omnia
933 1981 968 2044 et
982 1971 1098 2044 aliena
1112 1980 1147 2043 et
1165 1993 1230 2043 sua
1243 1970 1375 2064 loqua-

310 2095 449 2168 cissime
463 2096 636 2183 effutiant,
654 2097 810 2191 nihilque
830 2099 929 2192 pensi
948 2097 1102 2174 habeant
1115 2097 1201 2190 quid
1221 2096 1375 2189 loquan-

311 2231 369 2295 tur
385 2253 418 2309 u,
442 2232 477 2296 et
503 2226 700 2319 «quidquid
720 2226 756 2296 in
780 2227 926 2302 buccam
950 2226 1115 2297 venerit»
1153 2233 1281 2296 temere
1297 2247 1376 2317 pro·

259 2449 261 2453 .
311 2347 472 2421 fundant.
504 2351 596 2422 Hinc
619 2351 830 2423 acerrimum
850 2351 1232 2445 flagrantissimumque
1254 2349 1377 2444 ampli·

220 2516 224 2522 ν
311 2473 439 2548 ficandi
460 2473 730 2571 ‘mentiendique
760 2479 872 2574 oritur
905 2478 1073 2562 studium,
1109 2500 1177 2572 quo
1211 2501 1284 2549 «ex
1309 2500 1379 2548 uno

227 2641 248 2666 a
313 2625 446 2675 corvo»
478 2603 566 2674 liunt
593 2635 608 2668 o
624 2612 809 2688 centum»,
837 2612 871 2676 et
898 2627 971 2676 «ex
999 2626 1069 2676 uno
1094 2603 1234 2676 homine
1266 2604 1380 2676 occiso

313 2726 421 2810 mille,
444 2735 478 2798 ot
501 2751 544 2798 ex
569 2751 654 2800 cane
672 2730 845 2801 vmediocri
864 2731 917 2820 (l)
938 2760 953 2793 o
984 2729 1125 2800 Indicus
1160 2727 1377 2825 elephantus.

315 2853 388 2924 Imo
416 2853 601 2926 inurbanae
625 2857 836 2949 rusticaeque
860 2856 925 2926 sibi
955 2856 1155 2927 viderentur
1182 2856 1212 2926 si
1243 2856 1382 2948 quando

314 2985 483 3064 tacerent,
505 2987 540 3050 et
554 2980 597 3051 ob
613 3004 689 3051 eam
705 2980 816 3075 ipsam
834 3004 975 3052 oausam
995 3011 1010 3045 α
1028 2979 1203 3056 sollicitae.
1219 2982 1382 3065 curiosae,

317 3105 432 3176 anxiae
456 3135 471 3168 >¹
495 3115 576 3177 sunt
608 3109 672 3178 «si
693 3107 775 3200 qnid
805 3107 894 3178 forte
933 3115 1055 3201 putant
1092 3107 1275 3178 maxime»
1313 3131 1387 3178 esse

317 3239 488 3305 secretum
518 3264 533 3297 α
547 3241 581 3303 et
611 3234 654 3304 ab
689 3233 845 3304 omniurn
879 3233 1109 3325 cognitione»
1146 3256 1215 3305 non
1257 3241 1387 3305 temere

321 3367 561 3443 «remotum»,
576 3365 680 3452 atque
694 3358 887 3451 «inquietae
899 3358 1286 3452 doneceopenetrarint
1298 3358 1351 3452 (2)
1370 3387 1386 3421 »

319 3504 530 3576 prorsusque
545 3481 647 3554 valde
661 3482 906 3576 cognoverint.

368 3608 500 3680 Deinde
539 3607 740 3680 incredibile
777 3615 829 3680 est
860 3616 1073 3702 quantopere
1103 3609 1237 3681 soleant
1266 3607 1390 3679 ardere

321 3732 466 3817 invidia,
484 3755 578 3827 quae,
600 3757 708 3827 quum
727 3756 901 3826 nusquam
919 3757 986 3805 nou
1006 3735 1051 3805 sit
1066 3735 1188 3827 gravis
1199 3741 1233 3806 et
1248 3732 1383 3817 odiosa,

320 3868 396 3932 tum
424 3883 521 3944 vero,
553 3861 728 3933 nescimus
752 3882 820 3953 quo
843 3868 958 3953 pact0,
977 3861 1091 3955 turpis
1106 3870 1140 3931 et
1156 3859 1306 3932 ridicula
1326 3864 1392 3940 est,

323 3984 352 4054 si
367 3984 555 4056 mulierum
570 3985 607 4055 in
626 3985 783 4081 animum
804 3985 992 4078 irrepserit.
1010 3985 1151 4056 Etenim
1164 4007 1244 4077 quae
1260 3991 1294 4055 et
1309 4005 1394 4076 qua·

323 4111 373 4181 lia
390 4110 465 4182 fore
488 4118 590 4203 putas
611 4135 654 4183 ea
682 4135 761 4204 quaa
786 4119 858 4182 tam
882 4112 1104 4183 vehementer
1124 4112 1196 4182 illae
1213 4117 1391 4204 exoptant,

325 4242 398 4307 tam
418 4237 545 4308 acriter
564 4237 758 4329 requirunt,
772 4244 843 4307 tam
859 4237 960 4307 avide
972 4238 1117 4310 sitiuntl
1137 4238 1165 4309 Ο
1182 4235 1397 4331 praeclaram

359 4414 392 4477 (l)
411 4413 475 4464 Viv.
491 4415 531 4463 De
544 4415 617 4464 [nst.
631 4417 710 4474 foem.
724 4415 833 4469 christ..
847 4414 881 4462 Τ.
900 4414 932 4462 ll.
952 4415 981 4464 1..
998 4415 1020 4462 l.
1043 4415 1137 4484 (hill.
1155 4430 1181 4478 p.
1199 4413 1258 4463 681.

360 4503 395 4565 (2)
413 4503 454 4552 ld.
472 4504 512 4552 De
528 4503 628 4564 Officio
642 4502 749 4563 mariti,
766 4503 798 4550 T.
815 4503 837 4549 ll
867 4503 900 4551 (l.
921 4503 965 4550 lll.
986 4517 1013 4566 p.
1031 4504 1092 4552 oal.
