3436 5404
742 615 899 674 ...79-

291 778 430 850 0fficere
445 776 688 860 eruditionem,
710 777 838 869 quippe
853 777 883 846 si
898 798 953 847 res
965 777 1014 847 ita
1030 799 1067 846 se
1079 776 1236 861 haberet,
1250 779 1360 850 satius

292 877 380 974 esset
395 901 530 995 puellas
550 902 640 972 inter
659 901 839 994 imperitos
855 923 959 993 quem
976 901 1067 971 inter
1082 899 1222 985 doctos,
1250 903 1361 975 satius

292 1029 328 1098 in
361 1027 454 1098 saltu
477 1026 595 1118 aliquo
627 1049 732 1118 quam
758 1027 849 1097 inter
877 1025 1037 1097 hemines
1062 1026 1190 1098 vivere.
1222 1028 1361 1099 Etenim

293 1175 399 1246 quum
413 1151 502 1222 nihil
518 1151 646 1244 puellis
659 1151 839 1221 decentius
857 1158 1101 1222 ornamentum
1125 1161 1230 1244 quam
1246 1153 1363 1224 sobria

294 1279 441 1350 scientia
469 1279 527 1363 sit,
554 1278 636 1370 quid
661 1279 738 1371 jam
763 1280 937 1362 eveniret,
964 1280 994 1349 si
1023 1279 1111 1350 nihil
1144 1303 1297 1372 unquam
1321 1281 1363 1352 de

293 1406 453 1489 honesto,
471 1404 561 1474 nihil
576 1405 618 1474 da
648 1411 754 1486 recte,
783 1404 872 1474 nihil
898 1405 940 1476 de
964 1404 1070 1490 male,
1098 1405 1189 1474 nihil
1213 1406 1255 1476 de
1279 1406 1363 1477 vitio

294 1531 478 1601 audirent?
492 1531 562 1600 Eos
572 1529 722 1621 denique
733 1527 824 1598 male
838 1552 945 1622 agere
956 1530 1172 1600 existimavit
1182 1531 1242 1623 qui
1253 1553 1363 1624 neque

294 1658 438 1740 bonum,
457 1678 568 1747 neque
583 1653 717 1724 malum
735 1653 827 1723 filias
851 1655 940 1724 scire
953 1662 1176 1758 paterentur,
1199 1655 1364 1747 quoniam

295 1779 415 1851 multis
433 1810 448 1844 u
478 1786 647 1871 suspectae
663 1778 773 1848 ductae
788 1778 942 1850 foeminae
971 1808 986 1842 »
1016 1787 1130 1865 erant,
1148 1787 1317 1873 tanquam
1333 1781 1363 1850 si

299 1937 314 1970 α
343 1905 487 1976 malitiae
501 1901 654 1976 naturali
685 1934 700 1968 υ
730 1904 909 1976 accederet
932 1936 947 1970 «
977 1906 1218 2000 adjumentum
1238 1913 1364 1978 astutae

294 2031 501 2103 eruditionis
516 2027 575 2126 (l)¹
596 2059 611 2093 υ
634 2029 640 2099 l

255 2227 257 2235 ,
343 2157 450 2226 Vives
475 2179 556 2226 vero
581 2156 666 2226 adeo
690 2178 759 2225 non
779 2156 957 2227 contendit
980 2156 1134 2227 castitati
1153 2180 1215 2250 per
1234 2159 1365 2252 seipsas

293 2275 430 2353 officere
444 2281 594 2365 litterae,
611 2286 650 2351 ut
662 2280 770 2351 bonas
786 2289 890 2374 atque
906 2281 1009 2353 utiles
1024 2305 1099 2353 esse
1109 2304 1169 2353 eas
1181 2283 1365 2354 vehemen-

293 2407 429 2482 tissime
466 2406 689 2490 asseverant,
722 2428 829 2498 quum
856 2413 947 2478 certe
983 2407 1049 2477 hoc
1073 2412 1214 2500 praestet
1238 2407 1364 2478 studiis

293 2533 504 2604 exercitatus
536 2532 692 2615 animus,
728 2533 819 2625 quod
853 2531 984 2603 clarius
1021 2555 1141 2625 aequas
1170 2533 1365 2626 probasque

295 2657 446 2727 rationes
481 2654 671 2747 intelligat,
712 2655 895 2747 videatque
925 2655 1009 2748 quid
1042 2655 1174 2740 deceat,
1219 2662 1253 2726 et
1282 2655 1367 2749 quid

293 2779 466 2875 expediat.
500 2780 629 2852 Melius
657 2780 749 2850 enim
778 2779 910 2850 malum
944 2803 964 2849 a
988 2781 1079 2850 bono
1102 2780 1276 2851 discernet
1300 2780 1366 2852 rite

293 2907 396 2978 docte
424 2904 554 3000 puella,
590 2912 624 2976 et
652 2905 743 2997 quod
769 2904 886 2988 faciet,
913 2904 949 2976 id
976 2928 1057 2976 cum
1080 2905 1217 3000 judicic
1246 2905 1364 2990 faciet,

294 3056 410 3126 quum.
428 3030 524 3104 nulla
545 3031 679 3103 firmius
694 3038 793 3102 casta
811 3031 868 3116 sit,
891 3054 996 3125 quam
1013 3054 1091 3124 quae
1115 3031 1249 3102 ratione
1269 3038 1368 3102 casta

293 3165 358 3242 est,
376 3179 486 3250 eaque
514 3157 652 3228 demum
682 3156 808 3250 pudice
824 3156 871 3227 sit
889 3178 983 3248 quae,
1007 3156 1088 3249 quid
1115 3157 1160 3226 sit
1178 3156 1364 3250 pudicitia,

293 3283 539 3375 nonigncrat:
1071 3280 1075 3290 '

345 3438 361 3474 «
390 3407 576 3479 Mulierem
592 3431 661 3478 nen
682 3406 786 3478 facile
801 3406 960 3477 invenias
985 3406 1129 3491 malam,
1149 3406 1277 3490 aiebat,
1297 3406 1364 3476 nisi

293 3553 416 3624 quae...
440 3524 740 3613 non'considerat
768 3536 938 3622 quantum
962 3529 1008 3598 sit
1021 3529 1152 3598 bonum
1175 3527 1364 3620 pudicitia,

293 3661 463 3748 quantum
484 3653 599 3726 scelus
623 3654 799 3739 admittat,
823 3653 853 3724 si
870 3677 947 3725 eam
963 3653 1087 3747 perdat
1104 3675 1111 3724 :
1129 3675 1233 3745 quam
1257 3653 1364 3746 turpi,

293 3788 327 3851 et
347 3778 429 3861 levi,
454 3787 488 3850 et
512 3784 756 3850 momentanea
781 3778 972 3873 voluptatis
999 3778 1167 3871 imagine,
1197 3784 1366 3870 quantum

294 3904 423 3974 honum
451 3910 640 3976 commutet
668 3925 674 3973 :
702 3909 872 3996 quantum
901 3902 1007 3974 simul
1033 3902 1206 3972 malcrum
1240 3925 1365 3994 agmen

295 4029 504 4110 introducat,
523 4030 634 4122 ejecta
649 4028 809 4099 castitate
826 4028 878 4120 (2)
910 4055 941 4097 ».

343 4156 416 4226 lma
431 4177 492 4246 pro
512 4162 687 4247 comperto
709 4152 811 4246 plane
830 4153 978 4222 hahebat
1005 4181 1019 4214 α
1038 4152 1150 4222 malas
1169 4180 1184 4215 »
1204 4151 1367 4224 mulieres

298 4308 314 4343 α
345 4279 448 4348 rudes
479 4307 493 4340 υ
525 4300 566 4346 ac
589 4309 603 4340 κ
635 4277 781 4368 ignaras
811 4307 826 4340 »
859 4299 999 4370 prorsus
1020 4276 1125 4346 luisse
1149 4275 1361 4361 litterarum,

328 4489 363 4549 (l)
381 4490 444 4537 Vir.
457 4491 584 4537 Delaast.
602 4491 682 4548 soem.
699 4489 808 4545 christ..
823 4488 852 4536 Τ.
867 4489 903 4537 ΙΙ.
922 4487 951 4536 L.
968 4487 990 4536 I.
1006 4487 1035 4536 C.
1047 4487 1098 4536 IV.
1114 4488 1147 4536 T.
1168 4502 1194 4550 p.
1205 4487 1260 4538 en.

327 4578 361 4640 (2)
378 4578 420 4626 ld.
442 4578 524 4638 leid,
549 4579 578 4627 T.
597 4579 635 4627 II.
650 4578 680 4626 L.
697 4578 718 4627 1.
732 4579 761 4627 C.
775 4578 823 4626 IV.
841 4593 866 4642 p.
878 4578 933 4627 654.
