3436 5404
805 609 962 670 ..80-

356 806 371 841 u
400 773 519 846 doctas
549 803 564 836 υ
592 785 676 846 'vero
707 773 862 866 «probas
884 803 901 836 »
923 774 1125 867 decorisque
1140 774 1420 878 amantissimas

305 909 307 914 '
353 903 467 995 Atque
491 900 677 994 plerasque
705 901 929 971 existimabat
955 900 1064 972 solam
1092 903 1135 973 ob
1160 902 1250 973 banc
1274 924 1416 973 causam

356 1059 371 1093 α
406 1005 565 1098 difficiles
599 1056 614 1089 υ
647 1049 734 1110 esse,
777 1058 793 1091 «
831 1049 986 1097 morosas
1016 1057 1048 1110 »‚
1077 1027 1253 1099 studiosas
1287 1029 1415 1111 cultus,

357 1186 372 1218 «
403 1153 641 1224 admiratrices
662 1174 835 1245 nugarum
860 1182 892 1235 u,
911 1153 947 1223 in
964 1153 1138 1246 prosperis
1158 1152 1358 1239 insolentes,
1384 1153 1419 1223 in

355 1277 510 1348 adversis
520 1278 672 1370 abjectas
679 1277 722 1348 ad
733 1299 926 1361 maerorem,
940 1277 1088 1370 denique
1102 1309 1117 1343 «
1133 1276 1368 1348 intolerabiles
1386 1306 1418 1361 »‚

356 1403 445 1495 quod
471 1402 567 1473 nulla
590 1403 773 1473 meliorum
794 1424 911 1473 rerum
926 1402 1126 1493 cognitione
1146 1402 1301 1486 imbutae,
1325 1401 1421 1482 aliud

356 1551 418 1630 nec
433 1541 552 1598 amare
565 1534 737 1621 poterant,
761 1550 822 1598 nec
843 1528 969 1608 odisse,
986 1551 1091 1619 quam
1111 1528 1201 1620 quod
1227 1527 1422 1598 didicerant

363 1683 378 1717 «
406 1655 470 1724 sub
495 1654 635 1724 indocta
658 1659 769 1722 matre
804 1653 870 1745 (l).
900 1654 1019 1744 ltaque
1043 1653 1253 1744 frugiferam
1288 1675 1362 1722 esse
1386 1661 1419 1722 et

359 1776 899 1870 salubrempuellisdisciplinam
910 1778 1159 1864 arbitrabatur,
1172 1777 1425 1870 quodeomodo

360 1905 498 1976 facilius
521 1904 564 1975 ad
591 1903 881 1998 amplectendam,
915 1903 1109 1988 colendam,
1142 1904 1327 1975 fovendam
1351 1900 1426 1973 ¹vir·

329 2108 335 2121 ‚
363 2039 470 2102 tutem
494 2030 752 2101 inducerentur.
780 2029 919 2099 Etenim
944 2052 1051 2122 quum
1066 2052 1185 2100 earum
1202 2053 1280 2122 quae
1300 2029 1426 2099 litteris

362 2181 397 2228 se
410 2157 553 2228 tradunt
565 2164 673 2226 totam
685 2163 836 2227 mentem
850 2163 993 2248 occupet
1007 2156 1167 2227 doctrina
1177 2165 1211 2227 et
1221 2158 1256 2226 in
1270 2158 1427 2251 pulcher·

362 2283 530 2352 rimarum
561 2304 677 2352 rerum
711 2282 958 2374 cogitationem
983 2280 1133 2368 attollat,
1166 2283 1426 2376 aturpitudine

362 2408 467 2478 etiam
491 2415 525 2477 et
549 2428 569 2476 a
593 2406 728 2499 flagitio
749 2407 910 2490 deterret,
934 2413 1037 2499 atque
1061 2408 1097 2477 in
1118 2407 1257 2480 virtutis
1276 2415 1429 2479 contem-

363 2528 551 2621 plationem
585 2529 738 2600 adducit.
770 2530 887 2606 Quare
916 2551 967 2598 ese
996 2528 1122 2621 puellae
1150 2553 1229 2623 quae
1257 2531 1429 2601 discendis
1508 2553 1512 2561 ·

362 2654 488 2726 litteris
517 2678 657 2749 operam
683 2656 827 2741 dabunt,
860 2678 928 2726 non
951 2655 1190 2728 abhorrebunt
1216 2664 1352 2729 tantum
1386 2659 1429 2728 ab

364 2779 439 2848 istis
472 2778 678 2870 corruptelis
716 2801 795 2870 quae
829 2779 985 2850 animum
1020 2780 1119 2871 quasi
1149 2779 1333 2874 polluunt,
1371 2781 1430 2850 sed

363 2903 1429 2990 etiamabillislevioribusOblectamentisscilicetsaltatione‚

363 3040 481 3115 cantu,
517 3037 699 3115 concentu,
734 3031 936 3124 caeterisque
957 3033 1059 3103 rebus
1075 3032 1110 3101 in
1131 3033 1255 3125 quibus
1284 3056 1327 3103 ne
1348 3033 1429 3103 boni

363 3156 502 3248 quidem
535 3157 696 3227 umbram
730 3157 955 3250 attingerent.
989 3149 1073 3242 lm0‚
1113 3159 1142 3227 si
1176 3159 1283 3251 probe
1315 3158 1428 3228 doctae

364 3279 507 3364 fuerint,
525 3279 659 3373 linguas
675 3288 830 3374 potentes
846 3290 960 3364 erunt,
978 3305 1088 3375 neque
1103 3283 1291 3354 commissa
1309 3306 1427 3354 enun-

364 3406 515 3477 tiabunt.
582 3464 585 3469 .

377 3593 379 3624 3
412 3529 553 3598 Atenim
585 3530 757 3622 exempla,
795 3529 1004 3613 mehercule,
1042 3553 1110 3600 non
1143 3531 1269 3602 desunt
1302 3531 1429 3623 quibus

364 3656 484 3725 doctas
503 3655 606 3726 simul
625 3663 659 3726 et
677 3657 870 3748 impudicas
896 3657 1001 3728 fuisse
1027 3656 1187 3728 mulieres
1212 3657 1431 3750 apertissime

367 3782 544 3874 probatur.
562 3782 652 3860 Quid
669 3804 749 3851 vero
761 3784 900 3874 postea?
916 3782 1216 3877 PluresprofectO,
1230 3783 1261 3853 si
1278 3813 1295 3847 «
1314 3783 1433 3853 doctas

368 3907 461 3976 acies
480 3907 531 3999 (2)
548 3936 563 3970 »
593 3905 861 3999 explicaremus
885 3907 928 3976 ab
944 3908 1029 4000 ipsis
1044 3908 1257 4000 temporibus
1282 3907 1436 3999 antiquis

370 4031 533 4125 usquead
549 4032 774 4103 recentiorem
786 4039 939 4116 aetatem,
951 4040 1032 4103 ante
1043 4031 1390 4102 oculosoccurrerent
1404 4040 1438 4102 et

370 4157 471 4251 quasi
489 4155 659 4241 lucerent,
684 4180 834 4249 quarum
854 4159 975 4228 formae
994 4166 1028 4228 et
1043 4157 1170 4249 gratiae
1194 4157 1436 4251 adjumentum

371 4282 577 4355 eruditionis
617 4284 831 4355 accesserit!
867 4284 948 4354 dam
973 4283 1127 4376 prodiret
1155 4284 1191 4352 in
1221 4282 1342 4376 primis
1378 4281 1441 4353 illa

403 4489 436 4550 tl)
453 4487 515 4537 Viv.
532 4486 805 4548 montemedardi,
821 4487 850 4536 T.
869 4487 907 4536 ll.
924 4487 953 4536 G.
971 4486 1026 4535 111.
1044 4499 1071 4548 p.
1089 4485 1143 4534 6¹23.

403 4577 436 4640 (2)
454 4577 495 4626 Id.
511 4579 635 4627 Dclnst.
648 4579 725 4637 foem.
744 4577 859 4630 christ..
872 4576 902 4624 T.
921 4575 958 4625 Il.
977 4576 1008 4626 L.
1020 4576 1040 4624 1.
1059 4575 1089 4624 C.
1108 4574 1154 4624 IV.
1168 4589 1194 4637 p.
1213 4573 1267 4622 b'rb.
