3436 5404
804 601 962 662 ,73-

350 763 520 848 armillas,
542 786 621 857 quae
638 764 798 848 annulos,
834 787 913 856 quae
942 763 1087 834 monilia
1114 763 1233 834 ferre»
1262 772 1413 856 possent,

354 893 581 979 «caeteraque
604 885 914 958 Semiramidarum
934 885 1055 978 legum
1075 893 1291 978 nugamenta
1307 886 1374 978 (l).
1395 916 1411 950 »

399 1003 584 1084 Voluimus
608 1012 675 1084 hoc
703 1010 906 1106 perspicias,
935 1010 1138 1104 conquisitis
1163 1009 1414 1083 nonnullorum

350 1137 560 1230 scriptorum
585 1136 778 1220 sententiis,
806 1136 865 1228 qui
886 1143 960 1207 tum
976 1137 1130 1221 fuerunt,
1153 1146 1367 1232 quantopere
1382 1146 1416 1206 et

350 1262 548 1335 inauditum
563 1270 597 1333 et
612 1286 741 1334 novum
760 1270 794 1334 et
817 1263 947 1334 mirum
968 1269 1057 1333 esset
1078 1263 1144 1332 hoc
1164 1285 1264 1355 opus,
1291 1264 1328 1332 in
1348 1277 1416 1355 quo

349 1389 470 1474 Vives
502 1413 565 1482 pro
584 1389 678 1460 inani
701 1412 838 1461 morum
859 1389 1027 1461 civilitate
1042 1389 1193 1482 quadam
1208 1396 1241 1459 et
1257 1388 1413 1472 inscitia,

349 1513 478 1586 seriam
492 1514 595 1585 finxit
610 1515 795 1597 rationem,
816 1515 1001 1606 omniaque
1010 1515 1126 1584 studia
1140 1514 1191 1584 ita
1206 1514 1415 1606 cognatione

348 1618 543 1732 conjunxit,
562 1646 601 1710 ut
621 1646 752 1732 poetas,
767 1637 1008 1733 philosophae,
1029 1639 1227 1724 historicos,
1245 1638 1414 1710 Ecclesiae
1456 1642 1460 1648 '

350 1764 473 1854 Patres
498 1765 604 1856 ipsos
633 1764 732 1856 quasi
752 1764 894 1857 agmine
918 1764 1023 1847 lacte,
1045 1765 1090 1834 ad
1106 1762 1297 1835 liberaliter
1311 1764 1415 1834 insti-

349 1889 496 1959 tuendas
529 1887 664 1982 puellas
690 1889 881 1960 vocaverit.
909 1891 1043 1968 Quibus
1070 1897 1187 1961 autem
1221 1889 1336 1960 causis
1359 1911 1418 1960 eas

348 2012 535 2104 diligenter
561 2014 768 2085 erudiendas
790 2037 864 2086 esse
886 2015 1045 2098 senserit,
1075 2015 1224 2108 dignum
1251 2014 1417 2107 estquod

349 2139 579 2211 attentissime
604 2141 917 2224 animadvertatur,
944 2163 1051 2234 quum
1075 2141 1110 2211 in
1133 2141 1243 2234 ipsius
1267 2141 1417 2234 disputa-

349 2264 442 2354 tione
465 2271 500 2335 et
531 2265 837 2356 argumentatione
861 2288 1007 2336 acumen
1034 2266 1207 2358 quoddam
1237 2265 1418 2360 singulare

351 2389 494 2461 eniteat.

401 2511 491 2584 Illud
510 2514 662 2607 primum
682 2515 886 2600 affirmavit,
904 2516 1001 2586 nullo
1022 2516 1123 2587 modo
1142 2538 1183 2586 eo
1199 2516 1333 2610 pejores
1342 2515 1418 2588 fieri

352 2637 499 2734 puellas
536 2661 604 2731 quo
631 2640 803 2712 doctiores
828 2641 1028 2726 evaderent,
1054 2625 1172 2732 'neque
1196 2641 1317 2725 bonas,
1357 2663 1419 2712 nec

353 2765 465 2836 malas
481 2771 647 2857 tanquam
668 2765 775 2836 insita
798 2764 875 2858 lege
894 2767 1004 2848 nasci,
1026 2766 1085 2835 sed
1105 2766 1224 2836 autad
1240 2765 1416 2850 virtutem,

354 2897 415 2964 aut
425 2890 468 2961 ad
481 2890 605 2962 vitium
615 2891 767 2963 aliorum
778 2891 946 2984 exemplis
957 2899 991 2962 et
1001 2891 1257 2984 conspiratione
1267 2891 1419 2985 quadam

353 3015 492 3086 incitari
520 3037 640 3110 posse3
672 3016 702 3088 si
736 3016 913 3088 nonnullae
937 3024 1051 3087 essent
1082 3016 1196 3103 malae,
1227 3039 1297 3087 non
1327 3017 1417 3103 idae,

353 3139 507 3228 hercule,
545 3142 778 3212 accusandam
808 3164 881 3212 esse
916 3154 1051 3212 naturae
1082 3140 1268 3223 malitiam,
1300 3148 1337 3212 et
1362 3165 1420 3212 eos

354 3265 476 3336 merito
491 3265 687 3338 irridendos
701 3290 777 3338 esse
791 3267 864 3359 qui,
884 3275 1023 3359 propter
1042 3266 1179 3359 aliquas
1196 3289 1319 3360 parum
1335 3289 1421 3360 pro-

354 3390 466 3474 batas,
493 3391 529 3461 in
548 3414 668 3462 omiies
692 3391 782 3464 alias
802 3391 930 3463 invecti
954 3399 1088 3479 essent;
1113 3414 1243 3462 meram
1273 3392 1422 3484 denique

354 3537 430 3586 esse
444 3513 669 3610 dementiam,
686 3537 746 3586 eas
766 3515 809 3584 ab
834 3515 929 3587 omni
953 3515 1126 3586 honarum
1151 3537 1269 3586 rerum
1294 3515 1422 3608 cogni—

353 3633 449 3712 tione
463 3638 719 3720 excludi.,ldeo
739 3637 953 3731 lepidissime
976 3640 1146 3710 suadebat
1162 3640 1219 3724 iis,
1243 3640 1301 3732 qui
1322 3638 1424 3710 aliter

356 3764 563 3846 sentiebant,
581 3770 620 3834 ut
635 3771 790 3837 nontam
806 3762 954 3856 puellas,
972 3787 1076 3856 quam
1093 3765 1224 3850 asinos,
1244 3771 1306 3835 aut
1322 3765 1423 3834 boves

357 3889 555 3984 gignerent,
577 3886 764 3982 seduloque
779 3890 903 3960 darent
921 3912 1063 3982 operam
1087 3897 1126 3959 ut
1141 3890 1308 3982 quidquid
1333 3899 1424 3961 esset

357 4015 403 4111 ins
428 4013 625 4109 puellarum
664 4015 792 4086 animis
832 4015 875 4086 ad
911 4039 965 4086 res
997 4014 1161 4108 pulchras
1193 4023 1227 4086 et
1259 4016 1424 4086 honestas

357 4140 534 4237 colendas,
551 4140 845 4233 exstinguendum
860 4145 1036 4223 curarent,
1050 4162 1177 4231 easque
1193 4140 1311 4211 bestiis
1321 4163 1425 4232 quam

360 4265 558 4336 hominibus
576 4265 762 4354 similiores
777 4265 965 4336 efficerent.
988 4266 1143 4357 Negavit
1162 4265 1245 4335 item
1261 4265 1425 4358 probitati

391 4462 425 4523 (lp
443 4461 482 4509 H.
496 4460 528 4509 C.
541 4460 680 4523 Agrippas.
697 4461 799 4520 Opera.
815 4457 903 4521 Lugd.
922 4455 970 4521 per
985 4457 1118 4521 Beringos
1136 4443 1245 4507 fratres.

603 4551 645 4600 De
661 4549 1000 4602 l'unitutescientiarum,
1013 4548 1045 4595 Τ.
1058 4548 1095 4596 ΙΙ.
1108 4547 1139 4597 C.
1151 4546 1248 4596 LXXI.
1258 4562 1287 4610 p.
1298 4547 1353 4607 151,
1365 4546 1421 4596 152.
