3436 5404
820 599 977 657 „54-

362 759 500 853 quidem
525 758 850 829 111111101001110111Ι
873 760 953 828 Jam
974 731 1056 829 cave
1081 766 1180 852 putes
1203 783 1261 830 eas
1290 767 1422 831 certare

358 884 544 978 probitate,
584 883 766 977 patientia,
800 906 919 954 amore
957 890 1060 976 atque
1094 885 1260 976 obsequio
1283 885 1423 968 mariti,

358 1009 549 1102 ceterisque
570 1008 757 1078 virtutibus
782 1009 907 1100 quibus
931 1031 1033 1101 aequo
1067 1009 1183 1079 animo
1220 1010 1275 1080 101
1310 1011 1427 1081 vince-

359 1141 437 1205 rent
461 1134 562 1218 alias
592 1131 647 1204 101
671 1135 758 1226 ipsae
783 1135 827 1202 ab
852 1133 932 1203 aliis
953 1134 1188 1204 vincerentur.
1212 1134 1312 1206 Nihil
1333 1135 1427 1205 enim

357 1258 455 1332 aliud
476 1259 555 1330 haec
584 1259 861 1353 «superbissima
882 1265 917 1328 et
944 1257 1052 1330 stulta
1078 1260 1294 1346 animalia»,
1322 1283 1429 1354 quum

361 1385 435 1455 «ad
454 1385 643 1456 vanitatem
662 1391 696 1456 et
719 1385 1016 1456 ostentationem»
1051 1407 1224 1479 propensa
1250 1386 1335 1469 sint,
1363 1387 1430 1458 nisi

360 1540 375 1574 11
398 1510 554 1580 insanias
573 1539 605 1592 »‚
624 1509 727 1580 idest
745 1516 919 1592 ornatum,
936 1514 1063 1604 vestes,
1090 1515 1278 1602 «torques,
1302 1532 1426 1581 mure-

355 1634 470 1720 nulas,
496 1636 654 1718 monilia,
685 1637 839 1716 inaures,
877 1633 1039 1718 annulos,
1071 1658 1173 1706 versa
1198 1635 1309 1706 celata
1335 1634 1383 1731 (1)
1405 1666 1420 1699 u

353 1760 528 1833 affectant.
560 1761 653 1832 Tum
676 1759 856 1852 splendido
879 1759 977 1830 cultu
997 1759 1171 1842 incedere,
1200 1767 1235 1830 et
1266 1761 1424 1831 omnium

353 1911 414 1980 per
432 1911 494 1959 010
510 1887 695 1980 magnifice
716 1884 876 1968 volitare,
895 1894 929 1956 et
955 1887 999 1955 ad
1025 1886 1254 1978 expetendam
1276 1887 1424 1958 formam

352 2018 497 2083 ornatus
505 2010 676 2083 lenocinio
689 2011 1068 2104 auctamspectantium
1084 2010 1219 2081 animos
1230 2009 1422 2082 sollicitare

352 2137 519 2230 gestiunt.
532 2137 596 2208 Sin
612 2144 729 2208 autem
743 2135 836 2206 domi
852 2143 1006 2219 manent,
1022 2113 1152 2207 munus
1169 2157 1271 2206 suum
1288 2159 1357 2207 non
1373 2138 1424 2210 ita

352 2260 540 2354 diligenter
559 2269 809 2354 exsequuntur,
830 2283 905 2344 nec,
929 2258 1139 2344 mehercule,
1158 2284 1302 2332 manum
1321 2292 1337 2327 11
1352 2262 1426 2355 qui-

354 2391 418 2478 bus
439 2396 491 2459 est
509 2410 595 2481 opus
601 2442 673 2458 .....
693 2388 892 2471 admovent,
911 2385 1161 2479 culinamque»
1181 2384 1302 2458 sedulo
1323 2387 1426 2457 decli-

354 2521 452 2597 nant,
471 2536 582 2606 neque
606 2543 622 2578 u
644 2513 687 2582 ab
704 2534 773 2584 uno
780 2566 852 2581 .....
872 2511 1023 2581 maxime
1038 2518 1129 2583 terso
1140 2519 1174 2582 01
1189 2511 1299 2582 nitido
1315 2510 1390 2582 loco
1406 2541 1421 2574 »

354 2639 551 2722 discedunt,
579 2660 623 2708 ne
653 2637 928 2730 «perturbentur
955 2635 1089 2729 aliquid
1112 2659 1154 2707 ex
1175 2629 1218 2708 iis
1235 2658 1314 2730 quas
1330 2643 1427 2708 tanta

256 2817 257 2820 ,
356 2772 430 2835 arte
449 2764 533 2854 (2)»
557 2763 747 2857 composita
764 2771 856 2833 sunt.
1265 2751 1267 2756 ’

405 2889 568 2982 Sequitur
588 2895 626 2960 ut
649 2888 723 2958 sine
743 2910 851 2958 causa
870 2910 933 2958 nec
955 2909 1024 2956 non
1040 2887 1114 2958 sine
1133 2887 1202 2958 fine
1217 2895 1422 2980 querantur,

355 3015 554 3110 praesertim
570 3036 675 3106 quum
696 3013 994 3106 consanguineam
1015 3020 1076 3084 aut
1099 3012 1240 3084 affinem
1271 3013 1426 3107 aliquam

358 3140 413 3212 101
449 3140 672 3211 «ditiorem»
715 3139 770 3210 101
807 3139 1058 3208 «ornatiorem
1084 3139 1173 3229 (3)»·
1211 3140 1422 3234 aspexerint.

358 3269 463 3352 Tum,
494 3267 746 3350 mediusfidius,
778 3288 847 3336 non
876 3265 1043 3336 mediocri
1068 3265 1186 3336 dolore
1205 3263 1422 3348 afficiuntur,

357 3416 465 3488 quum
484 3393 555 3464 alia
574 3391 687 3463 laudis
706 3392 960 3484 possessionem
977 3413 1127 3485 ocupare
1142 3390 1316 3461 videatur.
1335 3389 1427 3460 Tum

355 3518 540 3592 levissimis
554 3525 588 3590 01
607 3517 853 3588 infirmissimis
868 3517 909 3587 de
925 3517 1041 3588 causis
1061 3514 1335 3609 reprehendunt,
1355 3514 1424 3585 liti-

357 3653 456 3740 gant,
482 3646 676 3736 increpant,
701 3652 734 3714 01
756 3644 806 3713 110
825 3650 1070 3736 tempestatum
1090 3643 1199 3713 animi
1222 3643 1429 3737 impotentes
1497 3653 1499 3656 ’

356 3776 449 3854 sunt,
469 3775 507 3842 ut
521 3769 574 3839 ira
588 3767 729 3838 omuino
756 3767 1016 3859 perturbentur,
1048 3773 1095 3849 et,
1114 3773 1152 3837 ut
1170 3767 1220 3837 ita
1246 3767 1416 3849 dicamus,

355 3894 611 3977 exanimentur,
644 3891 726 3984 quia
751 3889 911 3961 videlicet
936 3889 1033 3962 nulla
1066 3889 1183 3961 bellua
1214 3890 1330 3983 magis
1353 3887 1455 3969 effe,

357 4029 446 4104 rata,
479 4026 540 4090 aut
565 4017 728 4087 immanis
759 4015 903 4087 muliere
932 4024 996 4101 est,
1027 4015 1133 4110 quum
1160 4016 1236 4108 agit
1265 4015 1426 4100 ambitio,

357 4146 542 4239 cupiditas,
569 4143 715 4214 invidia.
743 4143 834 4212 Hinc
862 4165 924 4213 nec
938 4143 973 4212 in
983 4143 1116 4236 jurgiis
1140 4141 1339 4224 «modus»,
1362 4165 1423 4212 nec

389 4365 424 4426 (l)
443 4363 505 4413 Vir.
524 4365 565 4412 De
581 4366 655 4412 [nst.
672 4367 751 4424 foem.
764 4363 878 4422 christ„
897 4363 929 4410 T.
948 4361 1026 4410 Il.L.
1043 4361 1077 4408 ll.
1098 4359 1130 4408 C.
1151 4360 1209 4410 Vll.
1231 4375 1259 4423 p.
1277 4359 1334 4409 723.

391 4454 424 4514 (2)
442 4454 479 4502 ld.
496 4455 535 4503 Da
551 4455 651 4514 Officio
665 4453 772 4512 mariti,
784 4453 812 4501 T.
828 4453 862 4500 Il.
885 4453 916 4500 C.
936 4452 981 4500 Vl.
1001 4467 1029 4514 p.
1044 4450 1106 4500 636.

393 4545 428 4608 (3)
446 4544 487 4592 ld.
503 4545 727 4604 Delusasocui.
743 4542 904 4600 1111·1’11.,Τ.
921 4541 956 4588 ll.
976 4541 1008 4588 L.
1032 4541 1063 4588 ll.
1079 4541 1110 4590 G.
1130 4539 1188 4588 Vll.
1210 4555 1238 4604 p.
1266 4539 1320 4588 723.
