<?xml version="1.0" encoding="UTF-8"?>
<!DOCTYPE html PUBLIC "-//W3C//DTD XHTML 1.0 Transitional//EN"
    "http://www.w3.org/TR/xhtml1/DTD/xhtml1-transitional.dtd">
<html xmlns="http://www.w3.org/1999/xhtml" xml:lang="en" lang="en">
 <head>
  <title>
</title>
<meta http-equiv="Content-Type" content="text/html;charset=utf-8" />
  <meta name='ocr-system' content='tesseract 3.04.00' />
  <meta name='ocr-capabilities' content='ocr_page ocr_carea ocr_par ocr_line ocrx_word'/>
</head>
<body>
  <div class='ocr_page' id='page_1' title='image "./quiddepuellisin00thibgoog_0065.png"; bbox 0 0 3436 5404; ppageno 0'>
   <div class='ocr_carea' id='block_1_1' title="bbox 783 618 937 679">
    <p class='ocr_par' dir='ltr' id='par_1_1' title="bbox 783 618 937 679">
     <span class='ocr_line' id='line_1_1' title="bbox 783 618 937 679; baseline 0 -17"><span class='ocrx_word' id='word_1_1' title='bbox 783 618 937 679; x_wconf 36' lang='lat'>*53-</span> 
     </span>
    </p>
   </div>
   <div class='ocr_carea' id='block_1_2' title="bbox 258 777 1428 3014">
    <p class='ocr_par' dir='ltr' id='par_1_2' title="bbox 327 777 1428 1130">
     <span class='ocr_line' id='line_1_2' title="bbox 327 777 1391 878; baseline -0.003 -22"><span class='ocrx_word' id='word_1_2' title='bbox 327 786 419 878; x_wconf 92' lang='lat' dir='ltr'>quod</span> <span class='ocrx_word' id='word_1_3' title='bbox 458 777 479 851; x_wconf 75' lang='lat' dir='ltr'>&#39;o</span> <span class='ocrx_word' id='word_1_4' title='bbox 515 783 644 855; x_wconf 89' lang='lat' dir='ltr'>diaboli</span> <span class='ocrx_word' id='word_1_5' title='bbox 678 785 803 878; x_wconf 88' lang='lat' dir='ltr'>janua,</span> <span class='ocrx_word' id='word_1_6' title='bbox 850 784 985 854; x_wconf 87' lang='lat' dir='ltr'>arboris</span> <span class='ocrx_word' id='word_1_7' title='bbox 1028 783 1125 856; x_wconf 89' lang='lat' dir='ltr'>illius</span> <span class='ocrx_word' id='word_1_8' title='bbox 1165 784 1391 877; x_wconf 80' lang='lat' dir='ltr'>resignatrix,</span> 
     </span>
     <span class='ocr_line' id='line_1_3' title="bbox 327 910 1393 1004; baseline -0.001 -23"><span class='ocrx_word' id='word_1_9' title='bbox 327 911 457 982; x_wconf 87' lang='lat' dir='ltr'>divinae</span> <span class='ocrx_word' id='word_1_10' title='bbox 479 910 569 1003; x_wconf 84' lang='lat' dir='ltr'>legis</span> <span class='ocrx_word' id='word_1_11' title='bbox 593 911 708 1004; x_wconf 92' lang='lat' dir='ltr'>prima</span> <span class='ocrx_word' id='word_1_12' title='bbox 736 910 1044 1002; x_wconf 77' lang='lat' dir='ltr'>desertrirr,&#39;quam</span> <span class='ocrx_word' id='word_1_13' title='bbox 1071 940 1087 975; x_wconf 80' lang='lat' dir='ltr'>n</span> <span class='ocrx_word' id='word_1_14' title='bbox 1107 911 1223 982; x_wconf 91' lang='lat' dir='ltr'>videre</span> <span class='ocrx_word' id='word_1_15' title='bbox 1247 910 1393 992; x_wconf 88' lang='lat' dir='ltr'>malum,</span> 
     </span>
     <span class='ocr_line' id='line_1_4' title="bbox 332 1028 1428 1130; baseline -0.003 -23"><span class='ocrx_word' id='word_1_16' title='bbox 332 1036 453 1109; x_wconf 90' lang='lat' dir='ltr'>audire</span> <span class='ocrx_word' id='word_1_17' title='bbox 467 1037 582 1130; x_wconf 75' lang='lat' dir='ltr'>pejuS,</span> <span class='ocrx_word' id='word_1_18' title='bbox 604 1043 749 1128; x_wconf 83' lang='lat' dir='ltr'>tangere</span> <span class='ocrx_word' id='word_1_19' title='bbox 766 1036 958 1130; x_wconf 91' lang='lat' dir='ltr'>pessimum</span> <span class='ocrx_word' id='word_1_20' title='bbox 972 1037 1026 1129; x_wconf 85' lang='lat' dir='ltr'>(l)</span> <span class='ocrx_word' id='word_1_21' title='bbox 1039 1065 1054 1100; x_wconf 75' lang='lat' dir='ltr'>u</span> <span class='ocrx_word' id='word_1_22' title='bbox 1073 1042 1161 1120; x_wconf 91' lang='lat' dir='ltr'>erat,</span> <span class='ocrx_word' id='word_1_23' title='bbox 1179 1035 1397 1107; x_wconf 83' lang='lat' dir='ltr'>Tertulliano</span> <span class='ocrx_word' id='word_1_24' title='bbox 1424 1028 1428 1038; x_wconf 87' lang='grc'><strong>’</strong></span> 
     </span>
    </p>

    <p class='ocr_par' dir='ltr' id='par_1_3' title="bbox 330 1160 1411 2263">
     <span class='ocr_line' id='line_1_5' title="bbox 330 1160 1398 1254; baseline -0.002 -22"><span class='ocrx_word' id='word_1_25' title='bbox 330 1161 560 1233; x_wconf 73' lang='lat' dir='ltr'>habebatur?</span> <span class='ocrx_word' id='word_1_26' title='bbox 595 1161 686 1240; x_wconf 91' lang='lat' dir='ltr'>Quid</span> <span class='ocrx_word' id='word_1_27' title='bbox 725 1160 816 1254; x_wconf 89' lang='lat' dir='ltr'>quod</span> <span class='ocrx_word' id='word_1_28' title='bbox 854 1161 1035 1232; x_wconf 87' lang='lat' dir='ltr'>Ennodius</span> <span class='ocrx_word' id='word_1_29' title='bbox 1075 1192 1091 1226; x_wconf 88' lang='lat'>«</span> <span class='ocrx_word' id='word_1_30' title='bbox 1130 1160 1300 1233; x_wconf 87' lang='lat' dir='ltr'>malorum</span> <span class='ocrx_word' id='word_1_31' title='bbox 1340 1182 1398 1231; x_wconf 92' lang='lat' dir='ltr'>co·</span> 
     </span>
     <span class='ocr_line' id='line_1_6' title="bbox 332 1286 1401 1379; baseline 0 -21"><span class='ocrx_word' id='word_1_32' title='bbox 332 1288 451 1358; x_wconf 86' lang='lat' dir='ltr'>mitem</span> <span class='ocrx_word' id='word_1_33' title='bbox 483 1287 536 1377; x_wconf 75' lang='lat'>(2)</span> <span class='ocrx_word' id='word_1_34' title='bbox 569 1316 585 1349; x_wconf 89' lang='lat'>»</span> <span class='ocrx_word' id='word_1_35' title='bbox 624 1287 773 1358; x_wconf 84' lang='lat' dir='ltr'>ducebat</span> <span class='ocrx_word' id='word_1_36' title='bbox 802 1309 893 1371; x_wconf 88' lang='lat' dir='ltr'>eam,</span> <span class='ocrx_word' id='word_1_37' title='bbox 926 1311 1004 1379; x_wconf 73' lang='lat' dir='ltr'>quae</span> <span class='ocrx_word' id='word_1_38' title='bbox 1043 1286 1210 1359; x_wconf 86' lang='lat' dir='ltr'>Anselmo</span> <span class='ocrx_word' id='word_1_39' title='bbox 1246 1318 1261 1353; x_wconf 87' lang='lat'>«</span> <span class='ocrx_word' id='word_1_40' title='bbox 1294 1310 1401 1360; x_wconf 83' lang='lat' dir='ltr'>causa</span> 
     </span>
     <span class='ocr_line' id='line_1_7' title="bbox 338 1411 1404 1506; baseline 0.001 -22"><span class='ocrx_word' id='word_1_41' title='bbox 338 1421 469 1486; x_wconf 81' lang='lat' dir='ltr'>nostrae</span> <span class='ocrx_word' id='word_1_42' title='bbox 492 1413 739 1498; x_wconf 83' lang='lat' dir='ltr'>damnationis,</span> <span class='ocrx_word' id='word_1_43' title='bbox 766 1411 826 1482; x_wconf 78' lang='lat' dir='ltr'>fax</span> <span class='ocrx_word' id='word_1_44' title='bbox 853 1413 1009 1497; x_wconf 72' lang='lat' dir='ltr'>Satanae,</span> <span class='ocrx_word' id='word_1_45' title='bbox 1033 1434 1126 1484; x_wconf 91' lang='lat' dir='ltr'>mors</span> <span class='ocrx_word' id='word_1_46' title='bbox 1151 1413 1279 1484; x_wconf 86' lang='lat' dir='ltr'>animae</span> <span class='ocrx_word' id='word_1_47' title='bbox 1296 1414 1349 1506; x_wconf 83' lang='lat'>(3)</span> <span class='ocrx_word' id='word_1_48' title='bbox 1369 1422 1404 1485; x_wconf 86' lang='lat' dir='ltr'>et</span> 
     </span>
     <span class='ocr_line' id='line_1_8' title="bbox 335 1538 1404 1633; baseline 0.001 -24"><span class='ocrx_word' id='word_1_49' title='bbox 335 1539 436 1612; x_wconf 90' lang='lat' dir='ltr'>dulce</span> <span class='ocrx_word' id='word_1_50' title='bbox 476 1539 608 1611; x_wconf 85' lang='lat' dir='ltr'>malum</span> <span class='ocrx_word' id='word_1_51' title='bbox 640 1569 655 1602; x_wconf 87' lang='lat'>»</span> <span class='ocrx_word' id='word_1_52' title='bbox 698 1539 912 1611; x_wconf 81' lang='lat' dir='ltr'>videbaturl</span> <span class='ocrx_word' id='word_1_53' title='bbox 949 1539 1040 1618; x_wconf 85' lang='lat' dir='ltr'>Quid</span> <span class='ocrx_word' id='word_1_54' title='bbox 1084 1538 1174 1633; x_wconf 93' lang='lat' dir='ltr'>quod</span> <span class='ocrx_word' id='word_1_55' title='bbox 1212 1539 1404 1612; x_wconf 88' lang='lat' dir='ltr'>Gersonius</span> 
     </span>
     <span class='ocr_line' id='line_1_9' title="bbox 337 1664 1401 1759; baseline 0 -23"><span class='ocrx_word' id='word_1_56' title='bbox 337 1673 483 1737; x_wconf 89' lang='lat' dir='ltr'>cunctas</span> <span class='ocrx_word' id='word_1_57' title='bbox 502 1664 665 1738; x_wconf 91' lang='lat' dir='ltr'>mulieres</span> <span class='ocrx_word' id='word_1_58' title='bbox 685 1687 759 1736; x_wconf 87' lang='lat' dir='ltr'>esse</span> <span class='ocrx_word' id='word_1_59' title='bbox 777 1696 793 1730; x_wconf 89' lang='lat'>«</span> <span class='ocrx_word' id='word_1_60' title='bbox 808 1664 991 1759; x_wconf 77' lang='lat' dir='ltr'>sapientiae</span> <span class='ocrx_word' id='word_1_61' title='bbox 1005 1664 1137 1735; x_wconf 72' lang='lat' dir='ltr'>divinan</span> <span class='ocrx_word' id='word_1_62' title='bbox 1159 1664 1367 1758; x_wconf 81' lang='lat' dir='ltr'>cognitrices</span> <span class='ocrx_word' id='word_1_63' title='bbox 1386 1695 1401 1729; x_wconf 70' lang='grc' dir='ltr'><strong>υ</strong></span> 
     </span>
     <span class='ocr_line' id='line_1_10' title="bbox 339 1789 1408 1885; baseline 0.001 -24"><span class='ocrx_word' id='word_1_64' title='bbox 339 1793 496 1884; x_wconf 85' lang='lat' dir='ltr'>negavit,</span> <span class='ocrx_word' id='word_1_65' title='bbox 531 1822 547 1856; x_wconf 90' lang='lat'>«</span> <span class='ocrx_word' id='word_1_66' title='bbox 567 1792 648 1885; x_wconf 90' lang='lat' dir='ltr'>quia</span> <span class='ocrx_word' id='word_1_67' title='bbox 674 1790 785 1861; x_wconf 89' lang='lat' dir='ltr'>levius</span> <span class='ocrx_word' id='word_1_68' title='bbox 806 1789 1068 1874; x_wconf 87' lang='lat' dir='ltr'>subductibiles,</span> <span class='ocrx_word' id='word_1_69' title='bbox 1091 1790 1174 1884; x_wconf 86' lang='lat' dir='ltr'>quia</span> <span class='ocrx_word' id='word_1_70' title='bbox 1193 1791 1408 1884; x_wconf 80' lang='lat' dir='ltr'>pertinacius</span> 
     </span>
     <span class='ocr_line' id='line_1_11' title="bbox 341 1914 1409 2012; baseline 0.001 -25"><span class='ocrx_word' id='word_1_71' title='bbox 341 1917 581 1989; x_wconf 87' lang='lat' dir='ltr'>subductrices</span> <span class='ocrx_word' id='word_1_72' title='bbox 596 1914 646 2012; x_wconf 83' lang='grc'>(4)</span> <span class='ocrx_word' id='word_1_73' title='bbox 671 1947 686 1979; x_wconf 85' lang='grc'><em>»</em></span> <span class='ocrx_word' id='word_1_74' title='bbox 704 1923 804 1988; x_wconf 87' lang='lat' dir='ltr'>erant</span> <span class='ocrx_word' id='word_1_75' title='bbox 819 1917 833 1986; x_wconf 77' lang='lat' dir='ltr'>l</span> <span class='ocrx_word' id='word_1_76' title='bbox 862 1915 952 1995; x_wconf 86' lang='lat' dir='ltr'>Quid</span> <span class='ocrx_word' id='word_1_77' title='bbox 968 1916 1060 2011; x_wconf 88' lang='lat' dir='ltr'>quod</span> <span class='ocrx_word' id='word_1_78' title='bbox 1074 1915 1223 2010; x_wconf 89' lang='lat' dir='ltr'>denique</span> <span class='ocrx_word' id='word_1_79' title='bbox 1242 1917 1409 2010; x_wconf 85' lang='lat' dir='ltr'>AEgidius</span> 
     </span>
     <span class='ocr_line' id='line_1_12' title="bbox 342 2042 1411 2136; baseline 0 -23"><span class='ocrx_word' id='word_1_80' title='bbox 342 2042 526 2126; x_wconf 87' lang='lat' dir='ltr'>Columna,</span> <span class='ocrx_word' id='word_1_81' title='bbox 550 2043 592 2114; x_wconf 95' lang='lat' dir='ltr'>de</span> <span class='ocrx_word' id='word_1_82' title='bbox 611 2065 678 2136; x_wconf 90' lang='lat' dir='ltr'>quo</span> <span class='ocrx_word' id='word_1_83' title='bbox 697 2049 817 2136; x_wconf 86' lang='lat' dir='ltr'>postea</span> <span class='ocrx_word' id='word_1_84' title='bbox 830 2042 997 2126; x_wconf 89' lang='lat' dir='ltr'>dicemus,</span> <span class='ocrx_word' id='word_1_85' title='bbox 1021 2062 1089 2112; x_wconf 91' lang='lat' dir='ltr'>non</span> <span class='ocrx_word' id='word_1_86' title='bbox 1113 2042 1216 2115; x_wconf 88' lang='lat' dir='ltr'>aliter</span> <span class='ocrx_word' id='word_1_87' title='bbox 1241 2042 1411 2114; x_wconf 87' lang='lat' dir='ltr'>sentiebat</span> 
     </span>
     <span class='ocr_line' id='line_1_13' title="bbox 343 2168 1408 2263; baseline 0.001 -24"><span class='ocrx_word' id='word_1_88' title='bbox 343 2177 448 2262; x_wconf 91' lang='lat' dir='ltr'>atque</span> <span class='ocrx_word' id='word_1_89' title='bbox 473 2170 498 2238; x_wconf 95' lang='lat' dir='ltr'>ii</span> <span class='ocrx_word' id='word_1_90' title='bbox 525 2169 801 2240; x_wconf 70' lang='lat' dir='ltr'>existimabant?</span> <span class='ocrx_word' id='word_1_91' title='bbox 835 2168 943 2262; x_wconf 84' lang='lat' dir='ltr'>Cujus</span> <span class='ocrx_word' id='word_1_92' title='bbox 967 2168 1046 2238; x_wconf 79' lang='lat' dir='ltr'>haec</span> <span class='ocrx_word' id='word_1_93' title='bbox 1070 2169 1159 2239; x_wconf 91' lang='lat' dir='ltr'>mira</span> <span class='ocrx_word' id='word_1_94' title='bbox 1191 2168 1307 2263; x_wconf 92' lang='lat' dir='ltr'>opinio</span> <span class='ocrx_word' id='word_1_95' title='bbox 1335 2176 1408 2241; x_wconf 90' lang='lat' dir='ltr'>est:</span> 
     </span>
    </p>

    <p class='ocr_par' dir='ltr' id='par_1_4' title="bbox 258 2290 1419 2890">
     <span class='ocr_line' id='line_1_14' title="bbox 273 2290 1413 2388; baseline 0.006 -29"><span class='ocrx_word' id='word_1_96' title='bbox 273 2335 282 2344; x_wconf 30' lang='lat' dir='ltr'>x</span> <span class='ocrx_word' id='word_1_97' title='bbox 350 2324 366 2360; x_wconf 87' lang='lat'>«</span> <span class='ocrx_word' id='word_1_98' title='bbox 385 2293 615 2365; x_wconf 71' lang='lat' dir='ltr'>Mulieres...</span> <span class='ocrx_word' id='word_1_99' title='bbox 635 2301 733 2365; x_wconf 84' lang='lat' dir='ltr'>tanta</span> <span class='ocrx_word' id='word_1_100' title='bbox 752 2294 868 2388; x_wconf 88' lang='lat' dir='ltr'>turpia</span> <span class='ocrx_word' id='word_1_101' title='bbox 891 2299 1104 2388; x_wconf 85' lang='lat' dir='ltr'>perpetrant,</span> <span class='ocrx_word' id='word_1_102' title='bbox 1120 2290 1219 2386; x_wconf 84' lang='lat' dir='ltr'>¹quod</span> <span class='ocrx_word' id='word_1_103' title='bbox 1243 2293 1302 2364; x_wconf 85' lang='lat' dir='ltr'>vix</span> <span class='ocrx_word' id='word_1_104' title='bbox 1317 2294 1413 2366; x_wconf 91' lang='lat' dir='ltr'>inve-</span> 
     </span>
     <span class='ocr_line' id='line_1_15' title="bbox 258 2417 1415 2521; baseline 0 -31"><span class='ocrx_word' id='word_1_105' title='bbox 258 2511 261 2517; x_wconf 23' lang='lat'>·</span> <span class='ocrx_word' id='word_1_106' title='bbox 351 2421 508 2491; x_wconf 88' lang='lat' dir='ltr'>nirentur</span> <span class='ocrx_word' id='word_1_107' title='bbox 524 2420 589 2490; x_wconf 92' lang='lat' dir='ltr'>viri</span> <span class='ocrx_word' id='word_1_108' title='bbox 610 2419 696 2521; x_wconf 89' lang='lat' dir='ltr'>adeo</span> <span class='ocrx_word' id='word_1_109' title='bbox 722 2417 947 2490; x_wconf 83' lang='lat' dir='ltr'>inverecundi</span> <span class='ocrx_word' id='word_1_110' title='bbox 971 2424 1010 2490; x_wconf 91' lang='lat' dir='ltr'>ut</span> <span class='ocrx_word' id='word_1_111' title='bbox 1028 2418 1162 2513; x_wconf 86' lang='lat' dir='ltr'>possint</span> <span class='ocrx_word' id='word_1_112' title='bbox 1180 2425 1279 2490; x_wconf 89' lang='lat' dir='ltr'>tanta</span> <span class='ocrx_word' id='word_1_113' title='bbox 1297 2419 1415 2514; x_wconf 90' lang='lat' dir='ltr'>turpia</span> 
     </span>
     <span class='ocr_line' id='line_1_16' title="bbox 348 2542 1418 2640; baseline 0 -25"><span class='ocrx_word' id='word_1_114' title='bbox 348 2545 484 2638; x_wconf 79' lang='lat' dir='ltr'>operari</span> <span class='ocrx_word' id='word_1_115' title='bbox 506 2543 555 2640; x_wconf 86' lang='grc'>(5)</span> <span class='ocrx_word' id='word_1_116' title='bbox 580 2573 612 2615; x_wconf 88' lang='lat'>».</span> <span class='ocrx_word' id='word_1_117' title='bbox 635 2544 742 2615; x_wconf 90' lang='lat' dir='ltr'>Vives</span> <span class='ocrx_word' id='word_1_118' title='bbox 758 2566 839 2616; x_wconf 91' lang='lat' dir='ltr'>vero</span> <span class='ocrx_word' id='word_1_119' title='bbox 859 2544 945 2616; x_wconf 84' lang='lat' dir='ltr'>adeo</span> <span class='ocrx_word' id='word_1_120' title='bbox 964 2565 1034 2614; x_wconf 92' lang='lat' dir='ltr'>non</span> <span class='ocrx_word' id='word_1_121' title='bbox 1053 2544 1096 2613; x_wconf 90' lang='lat' dir='ltr'>ab</span> <span class='ocrx_word' id='word_1_122' title='bbox 1116 2542 1159 2615; x_wconf 90' lang='lat' dir='ltr'>iis</span> <span class='ocrx_word' id='word_1_123' title='bbox 1177 2544 1355 2628; x_wconf 87' lang='lat' dir='ltr'>dissensit,</span> <span class='ocrx_word' id='word_1_124' title='bbox 1378 2552 1418 2617; x_wconf 90' lang='lat' dir='ltr'>ut</span> 
     </span>
     <span class='ocr_line' id='line_1_17' title="bbox 349 2669 1417 2764; baseline -0.002 -23"><span class='ocrx_word' id='word_1_125' title='bbox 349 2693 469 2742; x_wconf 88' lang='lat' dir='ltr'>eorum</span> <span class='ocrx_word' id='word_1_126' title='bbox 493 2670 699 2741; x_wconf 88' lang='lat' dir='ltr'>sententiam</span> <span class='ocrx_word' id='word_1_127' title='bbox 716 2677 749 2740; x_wconf 89' lang='lat' dir='ltr'>et</span> <span class='ocrx_word' id='word_1_128' title='bbox 771 2670 844 2763; x_wconf 86' lang='lat' dir='ltr'>ipse</span> <span class='ocrx_word' id='word_1_129' title='bbox 871 2669 979 2742; x_wconf 79' lang='lat' dir='ltr'>ferme</span> <span class='ocrx_word' id='word_1_130' title='bbox 994 2669 1263 2742; x_wconf 87' lang='lat' dir='ltr'>confirmaverit.</span> <span class='ocrx_word' id='word_1_131' title='bbox 1282 2670 1417 2764; x_wconf 85' lang='lat' dir='ltr'>Quippe</span> 
     </span>
     <span class='ocr_line' id='line_1_18' title="bbox 352 2793 1419 2890; baseline -0.001 -24"><span class='ocrx_word' id='word_1_132' title='bbox 352 2795 408 2866; x_wconf 93' lang='lat' dir='ltr'>cui</span> <span class='ocrx_word' id='word_1_133' title='bbox 436 2793 663 2866; x_wconf 89' lang='lat' dir='ltr'>«lubricus»</span> <span class='ocrx_word' id='word_1_134' title='bbox 699 2794 887 2865; x_wconf 89' lang='lat' dir='ltr'>haberetur</span> <span class='ocrx_word' id='word_1_135' title='bbox 919 2825 934 2859; x_wconf 76' lang='grc' dir='ltr'>α</span> <span class='ocrx_word' id='word_1_136' title='bbox 957 2795 1112 2866; x_wconf 84' lang='lat' dir='ltr'>foeminae</span> <span class='ocrx_word' id='word_1_137' title='bbox 1138 2796 1326 2890; x_wconf 68' lang='lat' dir='ltr'>cogitatus</span> <span class='ocrx_word' id='word_1_138' title='bbox 1355 2817 1419 2866; x_wconf 91' lang='lat' dir='ltr'>nec</span> 
     </span>
    </p>

    <p class='ocr_par' dir='ltr' id='par_1_5' title="bbox 329 2919 1420 3014">
     <span class='ocr_line' id='line_1_19' title="bbox 329 2919 1420 3014; baseline -0.004 -22"><span class='ocrx_word' id='word_1_139' title='bbox 329 2947 331 2951; x_wconf 66' lang='grc'>’</span> <span class='ocrx_word' id='word_1_140' title='bbox 355 2944 425 2993; x_wconf 90' lang='lat' dir='ltr'>uno</span> <span class='ocrx_word' id='word_1_141' title='bbox 445 2920 522 2990; x_wconf 89' lang='lat' dir='ltr'>loco</span> <span class='ocrx_word' id='word_1_142' title='bbox 544 2919 646 2990; x_wconf 86' lang='lat' dir='ltr'>facile</span> <span class='ocrx_word' id='word_1_143' title='bbox 673 2948 689 2983; x_wconf 86' lang='lat'>»</span> <span class='ocrx_word' id='word_1_144' title='bbox 715 2921 919 3006; x_wconf 86' lang='lat' dir='ltr'>consistens,</span> <span class='ocrx_word' id='word_1_145' title='bbox 953 2921 1013 2992; x_wconf 90' lang='lat' dir='ltr'>sed</span> <span class='ocrx_word' id='word_1_146' title='bbox 1041 2952 1056 2987; x_wconf 92' lang='lat'>«</span> <span class='ocrx_word' id='word_1_147' title='bbox 1075 2944 1097 2992; x_wconf 89' lang='lat' dir='ltr'>a</span> <span class='ocrx_word' id='word_1_148' title='bbox 1116 2921 1219 2993; x_wconf 91' lang='lat' dir='ltr'>rectis</span> <span class='ocrx_word' id='word_1_149' title='bbox 1243 2920 1286 2990; x_wconf 92' lang='lat' dir='ltr'>ad</span> <span class='ocrx_word' id='word_1_150' title='bbox 1310 2941 1420 3014; x_wconf 89' lang='lat' dir='ltr'>prava</span> 
     </span>
    </p>
   </div>
   <div class='ocr_carea' id='block_1_3' title="bbox 352 3046 1422 3394">
    <p class='ocr_par' dir='ltr' id='par_1_6' title="bbox 352 3046 1422 3394">
     <span class='ocr_line' id='line_1_20' title="bbox 352 3046 1417 3141; baseline -0.003 -22"><span class='ocrx_word' id='word_1_151' title='bbox 352 3048 482 3141; x_wconf 86' lang='lat' dir='ltr'>exiguo</span> <span class='ocrx_word' id='word_1_152' title='bbox 499 3047 640 3139; x_wconf 84' lang='lat' dir='ltr'>negotio</span> <span class='ocrx_word' id='word_1_153' title='bbox 659 3077 675 3112; x_wconf 90' lang='lat'>»</span> <span class='ocrx_word' id='word_1_154' title='bbox 698 3046 876 3132; x_wconf 88' lang='lat' dir='ltr'>delabens,</span> <span class='ocrx_word' id='word_1_155' title='bbox 912 3079 927 3113; x_wconf 89' lang='lat'>«</span> <span class='ocrx_word' id='word_1_156' title='bbox 947 3071 1009 3120; x_wconf 92' lang='lat' dir='ltr'>nec</span> <span class='ocrx_word' id='word_1_157' title='bbox 1024 3048 1169 3120; x_wconf 90' lang='lat' dir='ltr'>omnino</span> <span class='ocrx_word' id='word_1_158' title='bbox 1185 3049 1261 3121; x_wconf 90' lang='lat' dir='ltr'>sine</span> <span class='ocrx_word' id='word_1_159' title='bbox 1275 3069 1383 3119; x_wconf 91' lang='lat' dir='ltr'>causa</span> <span class='ocrx_word' id='word_1_160' title='bbox 1401 3074 1417 3108; x_wconf 92' lang='lat'>»</span> 
     </span>
     <span class='ocr_line' id='line_1_21' title="bbox 356 3172 1422 3269; baseline 0.002 -28"><span class='ocrx_word' id='word_1_161' title='bbox 356 3174 532 3245; x_wconf 86' lang='lat' dir='ltr'>videretur</span> <span class='ocrx_word' id='word_1_162' title='bbox 559 3173 707 3245; x_wconf 91' lang='lat' dir='ltr'>Publius</span> <span class='ocrx_word' id='word_1_163' title='bbox 731 3175 843 3269; x_wconf 84' lang='lat' dir='ltr'>Syrus</span> <span class='ocrx_word' id='word_1_164' title='bbox 863 3173 951 3245; x_wconf 95' lang='lat' dir='ltr'>illud</span> <span class='ocrx_word' id='word_1_165' title='bbox 978 3173 1134 3246; x_wconf 86' lang='lat' dir='ltr'>dixisse:</span> <span class='ocrx_word' id='word_1_166' title='bbox 1159 3172 1289 3246; x_wconf 91' lang='lat' dir='ltr'>Mulier</span> <span class='ocrx_word' id='word_1_167' title='bbox 1315 3194 1422 3266; x_wconf 90' lang='lat' dir='ltr'>quum</span> 
     </span>
     <span class='ocr_line' id='line_1_22' title="bbox 355 3299 945 3394; baseline -0.003 -22"><span class='ocrx_word' id='word_1_168' title='bbox 355 3300 429 3372; x_wconf 92' lang='lat' dir='ltr'>solo</span> <span class='ocrx_word' id='word_1_169' title='bbox 449 3300 593 3394; x_wconf 82' lang='lat' dir='ltr'>cogitat,</span> <span class='ocrx_word' id='word_1_170' title='bbox 616 3300 707 3372; x_wconf 92' lang='lat' dir='ltr'>male</span> <span class='ocrx_word' id='word_1_171' title='bbox 726 3301 859 3393; x_wconf 85' lang='lat' dir='ltr'>cogitat</span> <span class='ocrx_word' id='word_1_172' title='bbox 879 3299 945 3389; x_wconf 88' lang='lat'><strong>(6).</strong></span> 
     </span>
    </p>
   </div>
   <div class='ocr_carea' id='block_1_4' title="bbox 389 3532 1427 4576">
    <p class='ocr_par' dir='ltr' id='par_1_7' title="bbox 389 3532 1427 4576">
     <span class='ocr_line' id='line_1_23' title="bbox 389 3532 963 3598; baseline 0 -16"><span class='ocrx_word' id='word_1_173' title='bbox 389 3534 424 3598; x_wconf 83' lang='grc'>(1)</span> <span class='ocrx_word' id='word_1_174' title='bbox 436 3533 610 3584; x_wconf 81' lang='lat' dir='ltr'>Tertulliani.</span> <span class='ocrx_word' id='word_1_175' title='bbox 625 3535 729 3595; x_wconf 82' lang='lat' dir='ltr'>Opera.</span> <span class='ocrx_word' id='word_1_176' title='bbox 752 3532 877 3590; x_wconf 88' lang='lat' dir='ltr'>Parisiis,</span> <span class='ocrx_word' id='word_1_177' title='bbox 895 3533 963 3582; x_wconf 81' lang='lat'>1580.</span> 
     </span>
     <span class='ocr_line' id='line_1_24' title="bbox 422 3622 857 3686; baseline -0.007 -14"><span class='ocrx_word' id='word_1_178' title='bbox 422 3625 461 3674; x_wconf 85' lang='lat' dir='ltr'>De</span> <span class='ocrx_word' id='word_1_179' title='bbox 471 3624 580 3672; x_wconf 82' lang='lat' dir='ltr'>Habitu</span> <span class='ocrx_word' id='word_1_180' title='bbox 592 3623 736 3682; x_wconf 81' lang='lat' dir='ltr'>muliebri,</span> <span class='ocrx_word' id='word_1_181' title='bbox 753 3637 780 3686; x_wconf 89' lang='lat' dir='ltr'>p.</span> <span class='ocrx_word' id='word_1_182' title='bbox 800 3622 857 3671; x_wconf 84' lang='lat'>399.</span> 
     </span>
     <span class='ocr_line' id='line_1_25' title="bbox 391 3709 924 3772; baseline -0.004 -12"><span class='ocrx_word' id='word_1_183' title='bbox 391 3712 426 3771; x_wconf 81' lang='grc'>(2)</span> <span class='ocrx_word' id='word_1_184' title='bbox 437 3711 568 3760; x_wconf 88' lang='lat' dir='ltr'>Ennodii.</span> <span class='ocrx_word' id='word_1_185' title='bbox 590 3713 694 3772; x_wconf 85' lang='lat' dir='ltr'>Opera.</span> <span class='ocrx_word' id='word_1_186' title='bbox 710 3711 836 3769; x_wconf 86' lang='lat' dir='ltr'>Tornaci,</span> <span class='ocrx_word' id='word_1_187' title='bbox 852 3709 924 3759; x_wconf 82' lang='lat'>1611.</span> 
     </span>
     <span class='ocr_line' id='line_1_26' title="bbox 423 3799 904 3862; baseline -0.01 -11"><span class='ocrx_word' id='word_1_188' title='bbox 423 3801 576 3851; x_wconf 81' lang='lat' dir='ltr'>Adlocutio</span> <span class='ocrx_word' id='word_1_189' title='bbox 592 3801 627 3849; x_wconf 85' lang='lat' dir='ltr'>dc</span> <span class='ocrx_word' id='word_1_190' title='bbox 641 3802 786 3858; x_wconf 85' lang='lat' dir='ltr'>adultera,</span> <span class='ocrx_word' id='word_1_191' title='bbox 804 3815 831 3862; x_wconf 92' lang='lat' dir='ltr'>p.</span> <span class='ocrx_word' id='word_1_192' title='bbox 846 3799 904 3847; x_wconf 78' lang='lat'>477.</span> 
     </span>
     <span class='ocr_line' id='line_1_27' title="bbox 394 3887 921 3953; baseline -0.009 -13"><span class='ocrx_word' id='word_1_193' title='bbox 394 3891 429 3953; x_wconf 87' lang='lat'>(3)</span> <span class='ocrx_word' id='word_1_194' title='bbox 441 3887 574 3940; x_wconf 85' lang='lat' dir='ltr'>Anselmi.</span> <span class='ocrx_word' id='word_1_195' title='bbox 595 3892 696 3950; x_wconf 84' lang='lat' dir='ltr'>Opera.</span> <span class='ocrx_word' id='word_1_196' title='bbox 710 3890 836 3948; x_wconf 67' lang='lat' dir='ltr'>Parisiis</span> <span class='ocrx_word' id='word_1_197' title='bbox 849 3889 921 3939; x_wconf 73' lang='lat'>1721.</span> 
     </span>
     <span class='ocr_line' id='line_1_28' title="bbox 428 3977 1014 4040; baseline -0.007 -12"><span class='ocrx_word' id='word_1_198' title='bbox 428 3979 486 4028; x_wconf 78' lang='lat' dir='ltr'>Cur</span> <span class='ocrx_word' id='word_1_199' title='bbox 500 3979 578 4028; x_wconf 82' lang='lat' dir='ltr'>Deus</span> <span class='ocrx_word' id='word_1_200' title='bbox 594 3981 686 4038; x_wconf 81' lang='lat' dir='ltr'>home,</span> <span class='ocrx_word' id='word_1_201' title='bbox 704 3977 736 4028; x_wconf 87' lang='lat' dir='ltr'>C.</span> <span class='ocrx_word' id='word_1_202' title='bbox 757 3977 820 4026; x_wconf 87' lang='lat' dir='ltr'>Vll.</span> <span class='ocrx_word' id='word_1_203' title='bbox 840 3993 867 4040; x_wconf 89' lang='lat' dir='ltr'>p.</span> <span class='ocrx_word' id='word_1_204' title='bbox 892 3978 945 4031; x_wconf 83' lang='lat'>197,</span> <span class='ocrx_word' id='word_1_205' title='bbox 960 3977 1014 4026; x_wconf 82' lang='lat'>198.</span> 
     </span>
     <span class='ocr_line' id='line_1_29' title="bbox 395 4066 922 4131; baseline -0.004 -14"><span class='ocrx_word' id='word_1_206' title='bbox 395 4069 432 4131; x_wconf 80' lang='lat' dir='ltr'>(l)</span> <span class='ocrx_word' id='word_1_207' title='bbox 443 4069 580 4118; x_wconf 88' lang='lat' dir='ltr'>Gersonii.</span> <span class='ocrx_word' id='word_1_208' title='bbox 594 4070 695 4128; x_wconf 84' lang='lat' dir='ltr'>Opera.</span> <span class='ocrx_word' id='word_1_209' title='bbox 709 4069 836 4126; x_wconf 62' lang='lat' dir='ltr'>&#39;Parisiis</span> <span class='ocrx_word' id='word_1_210' title='bbox 854 4066 922 4116; x_wconf 78' lang='lat' dir='ltr'>loco.</span> 
     </span>
     <span class='ocr_line' id='line_1_30' title="bbox 428 4151 1427 4215; baseline -0.009 -9"><span class='ocrx_word' id='word_1_211' title='bbox 428 4160 468 4208; x_wconf 88' lang='lat' dir='ltr'>Dc</span> <span class='ocrx_word' id='word_1_212' title='bbox 497 4158 721 4206; x_wconf 80' lang='lat' dir='ltr'>Eoeaminationc</span> <span class='ocrx_word' id='word_1_213' title='bbox 745 4158 957 4215; x_wconf 77' lang='lat' dir='ltr'>doctrinarum,</span> <span class='ocrx_word' id='word_1_214' title='bbox 983 4157 1052 4204; x_wconf 87' lang='lat' dir='ltr'>Pars</span> <span class='ocrx_word' id='word_1_215' title='bbox 1075 4155 1109 4203; x_wconf 90' lang='lat' dir='ltr'>ll.</span> <span class='ocrx_word' id='word_1_216' title='bbox 1134 4152 1247 4204; x_wconf 88' lang='lat' dir='ltr'>Consid.</span> <span class='ocrx_word' id='word_1_217' title='bbox 1278 4152 1311 4199; x_wconf 89' lang='lat' dir='ltr'>ll.</span> <span class='ocrx_word' id='word_1_218' title='bbox 1342 4151 1374 4198; x_wconf 92' lang='lat' dir='ltr'>T.</span> <span class='ocrx_word' id='word_1_219' title='bbox 1406 4151 1427 4198; x_wconf 91' lang='lat'>1.</span> 
     </span>
     <span class='ocr_line' id='line_1_31' title="bbox 474 4245 1070 4310; baseline -0.013 -12"><span class='ocrx_word' id='word_1_220' title='bbox 474 4245 608 4310; x_wconf 77' lang='lat' dir='ltr'>Colbll.</span> <span class='ocrx_word' id='word_1_221' title='bbox 1069 4252 1070 4256; x_wconf 49' lang='lat'>¹</span> 
     </span>
     <span class='ocr_line' id='line_1_32' title="bbox 399 4327 1345 4399; baseline -0.012 -15"><span class='ocrx_word' id='word_1_222' title='bbox 399 4338 435 4399; x_wconf 83' lang='grc'>(5)</span> <span class='ocrx_word' id='word_1_223' title='bbox 451 4336 543 4399; x_wconf 74' lang='lat' dir='ltr'>AEgid.</span> <span class='ocrx_word' id='word_1_224' title='bbox 565 4335 705 4385; x_wconf 68' lang='lat' dir='ltr'>Columnae</span> <span class='ocrx_word' id='word_1_225' title='bbox 735 4337 774 4384; x_wconf 80' lang='lat' dir='ltr'>Dc</span> <span class='ocrx_word' id='word_1_226' title='bbox 791 4334 943 4397; x_wconf 63' lang='lat' dir='ltr'>sepimine</span> <span class='ocrx_word' id='word_1_227' title='bbox 959 4333 1143 4392; x_wconf 80' lang='lat' dir='ltr'>Principum.</span> <span class='ocrx_word' id='word_1_228' title='bbox 1158 4330 1260 4386; x_wconf 69' lang='lat' dir='ltr'>Romo,</span> <span class='ocrx_word' id='word_1_229' title='bbox 1274 4327 1345 4375; x_wconf 80' lang='lat'>1607.</span> 
     </span>
     <span class='ocr_line' id='line_1_33' title="bbox 429 4422 942 4487; baseline -0.01 -13"><span class='ocrx_word' id='word_1_230' title='bbox 429 4425 509 4476; x_wconf 81' lang='lat' dir='ltr'>Pars.</span> <span class='ocrx_word' id='word_1_231' title='bbox 528 4426 553 4474; x_wconf 88' lang='lat'>1.</span> <span class='ocrx_word' id='word_1_232' title='bbox 570 4425 599 4476; x_wconf 86' lang='lat' dir='ltr'>L.</span> <span class='ocrx_word' id='word_1_233' title='bbox 618 4425 653 4473; x_wconf 93' lang='lat' dir='ltr'>ll.</span> <span class='ocrx_word' id='word_1_234' title='bbox 671 4425 702 4474; x_wconf 85' lang='lat' dir='ltr'>G.</span> <span class='ocrx_word' id='word_1_235' title='bbox 721 4423 820 4473; x_wconf 82' lang='lat' dir='ltr'>lell.</span> <span class='ocrx_word' id='word_1_236' title='bbox 837 4440 865 4487; x_wconf 89' lang='lat' dir='ltr'>p.</span> <span class='ocrx_word' id='word_1_237' title='bbox 883 4422 942 4472; x_wconf 67' lang='lat'>272.</span> 
     </span>
     <span class='ocr_line' id='line_1_34' title="bbox 398 4506 1424 4576; baseline -0.012 -14"><span class='ocrx_word' id='word_1_238' title='bbox 398 4516 429 4576; x_wconf 72' lang='lat' dir='ltr'>(a)</span> <span class='ocrx_word' id='word_1_239' title='bbox 449 4515 502 4564; x_wconf 93' lang='lat' dir='ltr'>Viv</span> <span class='ocrx_word' id='word_1_240' title='bbox 535 4516 574 4561; x_wconf 62' lang='lat' dir='ltr'>oc</span> <span class='ocrx_word' id='word_1_241' title='bbox 594 4517 669 4563; x_wconf 77' lang='lat' dir='ltr'>[nst.</span> <span class='ocrx_word' id='word_1_242' title='bbox 690 4514 937 4575; x_wconf 75' lang='lat' dir='ltr'>smvvr.cbv·ist.,T</span> <span class='ocrx_word' id='word_1_243' title='bbox 966 4512 999 4558; x_wconf 93' lang='lat' dir='ltr'>ll.</span> <span class='ocrx_word' id='word_1_244' title='bbox 1020 4511 1094 4559; x_wconf 57' lang='lat' dir='ltr'>inl.</span> <span class='ocrx_word' id='word_1_245' title='bbox 1115 4511 1145 4560; x_wconf 85' lang='lat' dir='ltr'>C.</span> <span class='ocrx_word' id='word_1_246' title='bbox 1166 4506 1325 4572; x_wconf 49' lang='lat' dir='ltr'>lippam</span> <span class='ocrx_word' id='word_1_247' title='bbox 1419 4541 1424 4550; x_wconf 94' lang='lat'>.</span> 
     </span>
    </p>
   </div>
   <div class='ocr_carea' id='block_1_5' title="bbox 0 0 1781 5404">
    <p class='ocr_par' dir='ltr' id='par_1_8' title="bbox 0 0 1781 5404">
     <span class='ocr_line' id='line_1_35' title="bbox 0 0 1781 5404; baseline 0 0"><span class='ocrx_word' id='word_1_248' title='bbox 0 0 1781 5404; x_wconf 95' lang='lat' dir='ltr'> </span> 
     </span>
    </p>
   </div>
  </div>
 </body>
</html>
