3436 5404
770 657 923 716 -83-

314 850 329 884 «
353 818 541 912 perfectam
574 818 857 890 beatitudinem»
889 826 1089 890 sanctorum
1119 842 1186 889 non
1222 849 1238 884 «
1262 820 1298 890 in
1322 820 1378 891 his

310 943 457 1015 terrenis
473 946 507 1014 et
522 943 762 1037 corporalibus
777 971 793 1006 »
816 966 894 1013 esse
908 943 1117 1036 sperandam
1142 943 1373 1028 existimaret,

311 1069 612 1140 vehementissime
626 1067 775 1139 Paulum
788 1069 994 1161 probaverat
1004 1068 1194 1139 dicentem:
1207 1099 1224 1134 α
1239 1068 1376 1140 Vellem

311 1216 430 1266 omnes
445 1195 603 1265 homines
626 1217 699 1264 esse
715 1194 806 1264 sicut
833 1201 867 1264 et
898 1216 953 1264 me
969 1195 1021 1283 (l)
1047 1224 1078 1276 »,
1099 1193 1131 1262 id
1148 1202 1201 1264 est
1218 1195 1251 1264 in
1274 1195 1381 1288 virgi-

312 1319 420 1390 nitate
438 1341 672 1412 perseverare.
689 1318 779 1397 Quid
795 1317 886 1410 quod
902 1319 1142 1412 virginitatem
1157 1319 1379 1413 Epiphanius

316 1472 332 1506 «
361 1443 661 1517 fundamentum»
688 1467 728 1514 ac
753 1444 847 1515 velut
875 1474 890 1507 α
922 1445 1166 1539 crepidinem»
1190 1447 1378 1537 quamdam

317 1598 332 1632 «
356 1568 560 1640 inEcclesia
574 1544 622 1662 (2)
643 1597 658 1633 u
678 1569 868 1639 arbitratus
887 1577 975 1643 erat.
1004 1567 1228 1662 Basiliusque
1255 1572 1379 1662 praedi-

313 1692 411 1782 carat
437 1715 453 1751 c
483 1685 620 1779 angelis
652 1685 784 1756 similes
818 1686 973 1778 virgines
1003 1686 1056 1779 (3)
1099 1716 1114 1749 »
1156 1710 1244 1769 esse,
1276 1694 1381 1780 atque

312 1810 507 1902 Gregorius
540 1809 724 1903 Nyssenus
758 1808 971 1901 virginitatis
1009 1809 1197 1903 participes
1234 1840 1250 1875 u
1282 1813 1384 1904 quasi

313 1934 395 2006 deos
410 1935 464 2022 (4)
483 1962 498 1996 »
522 1933 613 2004 elfici
630 1934 643 2002 ‘l
663 1933 870 2004 Eminuerat
892 1934 967 2003 haec
988 1934 1105 2027 opinio
1131 1957 1200 2004 non
1223 1936 1325 2007 modo
1348 1936 1384 2006 in

314 2059 428 2153 prima
449 2058 512 2128 illa
540 2037 708 2128 Ecclesiae
735 2058 885 2151 origine,
924 2059 1177 2130 verumetiam
1207 2060 1245 2130 in
1270 2061 1386 2132 media

314 2193 417 2258 aetate
451 2193 707 2280 perseverarat,
753 2208 902 2278 namque
940 2186 1144 2258 Bernardus
1182 2218 1197 2251 «
1230 2189 1386 2281 virgines
1489 2187 1495 2198 ’

315 2308 452 2401 angelis
465 2308 520 2378 dei
539 2337 555 2371 »
586 2331 664 2379 esse
696 2307 929 2400 «aequales»,
961 2338 979 2372 u
1002 2307 1173 2379 feliciores
1193 2309 1247 2401 (5)
1272 2340 1287 2374 υ
1308 2334 1384 2382 esse

315 2433 351 2503 in
375 2463 391 2500 a
422 2440 555 2504 aeterna
574 2432 839 2514 beatitudine»,
867 2455 907 2502 ae
935 2462 950 2497 «
974 2433 1092 2504 vivere
1106 2432 1266 2526 angelice
1294 2435 1385 2506 inter

316 2558 489 2641 homines
516 2560 605 2630 etin
629 2559 733 2630 terris
750 2581 847 2628 more
858 2557 1052 2630 coelestium
1069 2561 1270 2632 conversari
1288 2562 1341 2655 (li)
1365 2592 1380 2624 a
1433 2542 1436 2548 ⁵

318 2686 507 2778 judicabat.

364 2813 476 2884 Nemo
505 2811 615 2904 igitur
640 2810 786 2882 miretur
806 2833 874 2880 non
903 2810 1062 2884 eamdem
1091 2812 1185 2882 circa
1209 2813 1386 2884 matrimo-

316 2938 414 3008 nium
433 2937 540 3008 luisse
554 2936 788 3029 diligentiam,
806 2959 869 3006 nec
890 2935 964 3007 ulla
987 2959 1089 3028 paene
1104 2944 1290 3031 praecepta,
1309 2961 1387 3031 quae

315 3063 359 3132 ad
379 3063 566 3134 mulierum
581 3061 734 3132 officium
753 3061 980 3154 pertinerent,
1004 3061 1111 3132 fuisse
1135 3063 1276 3134 tradita.
1296 3065 1386 3134 Ete-

316 3189 388 3258 nim
399 3211 442 3258 ex
452 3211 520 3281 quo
539 3219 554 3254 «
572 3211 631 3258 vas
647 3186 824 3258 electionis
842 3216 857 3247 »
873 3187 948 3256 liaeo
960 3185 1099 3258 locutus
1110 3195 1208 3258 erat:
1227 3188 1388 3260 «Mulier

316 3314 461 3408 innupta
496 3313 628 3406 cogitat
666 3336 744 3404 quie
788 3311 929 3381 Domini
960 3321 1055 3396 sunt,
1104 3322 1141 3384 ut
1178 3315 1224 3384 sit
1264 3331 1386 3396 sancta

314 3459 457 3532 corpore
484 3443 519 3506 et
541 3435 667 3530 spiritu
696 3463 711 3498 »
730 3460 738 3524 3
757 3458 834 3526 quae
862 3458 943 3505 vero
970 3465 985 3499 «
1018 3443 1126 3530 nupta
1155 3448 1220 3521 est,
1252 3441 1385 3532 cogitat

344 3675 380 3737 (1)
398 3675 511 3724 Hilarii.
531 3675 634 3735 Opera.
657 3673 746 3722 Basil.
766 3673 839 3723 1550.

374 3763 412 3811 [η
437 3763 577 3811 CXXVII
596 3763 706 3810 Psalm.
724 3764 892 3812 Enarrctio.
920 3778 948 3826 p.
964 3763 1020 3812 153.

344 3853 376 3915 (2)
391 3852 551 3916 Epiphanii.
577 3855 680 3914 Opera.
699 3853 827 3910 Parisiis
847 3852 921 3901 1632.

375 3946 524 3994 Aduersus
551 3947 686 4000 haereses.
705 3945 738 3993 Τ.
758 3945 794 4008 Il.
821 3945 856 3994 L.
876 3945 930 3994 III.

345 4033 381 4096 (3)
392 4033 501 4082 Basilii.
521 4036 622 4095 Opera.
638 4035 762 4092 Parisiis
775 4035 846 4085 1618.

376 4127 417 4174 De
430 4139 499 4174 cera
516 4125 696 4186 l'irpinitate,
709 4126 738 4174 T.
753 4125 775 4173 l.
795 4140 821 4188 p.
840 4125 896 4174 737,

344 4215 382 4277 (l)
395 4215 519 4277 Gregorii
539 4215 623 4276 Nysa.
643 4216 744 4276 Opera,
770 4215 895 4275 Parisiis
912 4215 981 4265 1615.

379 4307 419 4352 De
450 4305 631 4364 l'r'rginitctc,
649 4304 682 4351 Τ.
701 4305 726 4354 1.
748 4304 780 4353 C.
799 4305 823 4354 Ι.
844 4320 873 4367 p.
893 4305 948 4354 alo.

346 4397 378 4458 (5)
398 4396 538 4446 bernardi.
559 4401 659 4458 Opera.
677 4397 805 4456 Parisiis
828 4397 898 4447 1⁶21.

377 4479 418 4525 De
442 4476 614 4538 Virginitatc
631 4491 728 4527 sermo
750 4479 832 4537 XXI,
848 4493 875 4542 p.
896 4478 969 4527 1267.

347 4565 382 4628 (6)
394 4565 435 4614 ld.
449 4567 490 4614 De
508 4566 644 4615 Adventu
661 4566 787 4615 Domini.
801 4567 930 4616 Homilic
946 4571 1003 4626 ΙΙΙ,
1024 4583 1050 4632 ρ.
1065 4568 1106 4619 28.
