3436 5404
821 574 981 634 ..46-

366 737 403 806 in
422 736 526 809 turba
555 757 690 828 semper
714 756 787 805 esse
809 734 922 805 malas
946 756 1094 826 quarum
1123 735 1333 828 contagione
1359 737 1435 807 infi-

364 861 505 931 ciuntur
528 858 622 941 aliae,
647 881 711 928 nec
738 857 813 927 fieri
841 879 942 949 posse
969 864 1006 928 ut
1030 880 1115 927 cura
1137 859 1172 928 in
1201 865 1272 928 tam
1307 859 1435 930 multas

364 986 545 1066 distracta,
558 985 594 1054 in
610 982 769 1076 singulas
784 983 918 1053 intenta
932 983 978 1053 sit
993 1004 1000 1053 :
1018 990 1113 1053 tauto
1128 985 1254 1056 mentis
1270 986 1431 1057 acumine

364 1108 501 1181 subtilis
524 1109 583 1180 ille
612 1108 792 1181 muliebris
825 1116 961 1179 naturae
992 1110 1210 1181 existimator
1237 1134 1361 1183 sensus
1398 1120 1433 1183 et

351 1235 513 1325 indolem
546 1233 743 1329 puellarum
771 1233 1013 1328 perspexerat!
1054 1235 1155 1306 Certe
1189 1236 1278 1306 nihil
1311 1236 1433 1309 fuisset

365 1359 455 1453 quod
470 1360 586 1454 magis
602 1359 742 1453 quidem
756 1381 820 1431 nos
843 1359 964 1432 audire
985 1359 1230 1434 voluissemus.

326 1577 329 1587 Ι
411 1485 572 1555 Positum
590 1485 636 1554 sit
661 1484 772 1576 igitur
796 1484 958 1578 inprimis
978 1485 1015 1555 in
1044 1485 1110 1556 hoc
1130 1508 1283 1556 maxime
1302 1485 1435 1557 claudi-

364 1634 445 1682 care
459 1609 600 1693 Vivem,
623 1609 726 1702 quod,
745 1632 852 1702 quum
868 1611 1058 1703 ingenuam
1074 1610 1227 1705 puellam
1251 1611 1436 1684 instituen-

365 1738 446 1808 dam
476 1735 698 1829 suscepisset,
722 1733 810 1805 nihil
834 1737 1024 1808 admodum
1048 1737 1091 1808 ad
1116 1735 1268 1830 plebeias
1299 1735 1435 1830 puellas

366 1870 500 1957 aptum,
517 1859 606 1931 nihil
621 1861 662 1930 de
687 1859 860 1930 discendis
879 1858 1012 1954 linguis
1032 1884 1109 1954 quae
1133 1861 1299 1954 vulgares
1319 1860 1435 1955 appel-

365 1987 496 2070 lantur,
519 1985 607 2057 nihil
627 1987 670 2058 de
685 1986 937 2058 constituendis
953 1986 1097 2071 scholiS,
1116 1986 1205 2058 nihil
1217 1987 1260 2057 de
1274 1987 1434 2058 erudien-

365 2112 419 2181 dis
437 2111 630 2204 magistris,
658 2109 747 2181 nihil
767 2110 916 2203 denique
935 2112 977 2181 de
1006 2111 1196 2182 domestica
1215 2120 1276 2183 aut
1295 2109 1435 2205 publica

366 2239 560 2310 studiorum
581 2237 716 2306 ratione
736 2235 891 2330 protulit.
922 2237 1025 2307 Nunc
1053 2259 1262 2328 veroquam
1296 2235 1435 2329 exiguis

364 2371 474 2435 totum
503 2385 576 2434 suae
614 2362 810 2456 disciplinae
839 2362 958 2431 orbem
992 2361 1120 2432 finibus
1150 2361 1431 2445 circumdederit,

366 2509 451 2580 quas
475 2507 599 2578 parum
621 2492 713 2555 recte
741 2485 935 2578 neglexerit
954 2484 1169 2578 disciplinas,
1201 2493 1262 2557 aut
1293 2485 1435 2558 inutiles

364 2611 450 2696 fere,
469 2618 532 2681 aut
558 2610 682 2680 noxias
707 2610 813 2681 etiam
837 2633 911 2681 esse
929 2610 1157 2705 judicaverit,
1181 2610 1359 2693 extremis,
1392 2617 1431 2681 ut

363 2735 504 2820 dicitur,
523 2737 644 2831 digitis
663 2737 909 2829 attingendum
924 2747 988 2809 est.

412 2862 571 2933 Primum
587 2863 753 2956 quoniam
777 2861 1002 2955 procliviores
1018 2865 1093 2959 jam
1113 2872 1232 2958 sponte
1256 2866 1300 2936 ad
1315 2863 1431 2936 libidi-

361 3009 442 3058 nem
457 3010 590 3072 sumuS,
621 2988 749 3059 nedum
773 2987 925 3060 stimulis
945 2989 989 3058 ad
1017 2989 1190 3060 deteriora
1217 2991 1315 3062 nobis
1343 3011 1430 3081 opus

362 3113 420 3196 sit,
448 3112 627 3205 ablegavit
650 3136 713 3184 nec
733 3113 807 3183 sine
826 3113 899 3184 ulla
917 3114 990 3184 sere
1010 3115 1212 3210 exceptione
1226 3115 1430 3209 proscripsit

359 3260 467 3330 opera
491 3261 569 3331 quae
597 3261 660 3309 nec
686 3239 728 3308 ad
750 3238 936 3309 fovendam
968 3239 1145 3332 pietatem,
1177 3264 1240 3312 nec
1268 3241 1313 3311 ad
1338 3247 1430 3311 recte

358 3366 624 3438 conformandos
640 3389 755 3438 mores
765 3375 979 3460 spectarent.
1003 3367 1071 3438 Sed
1087 3391 1195 3461 quum
1211 3368 1323 3440 multa
1343 3368 1427 3453 alia,

360 3499 434 3562 tum
464 3515 547 3563 vero
575 3492 701 3586 puellis
732 3493 884 3564 maxime
913 3516 1038 3565 nocere
1070 3496 1206 3587 putavit
1238 3518 1279 3566 ea
1304 3495 1430 3588 quibus

364 3617 820 3702 Trisipensnancttotas
838 3641 862 3691 o
878 3621 981 3702 lacu,
998 3621 1177 3712 Opertae,
1197 3621 1424 3706 Amoenus,

357 3744 564 3828 Artorius,
587 3721 712 3818 nomen
739 3754 828 3818 erat.
845 3747 999 3819 Rectene
1014 3747 1101 3819 illud
1125 3748 1301 3818 infinitum
1322 3769 1429 3842 prope

356 3876 403 3956 et,
433 3877 469 3940 ut
490 3870 540 3940 ita
559 3871 729 3957 dicamus,
752 3871 937 3943 Sullanum
960 3873 1079 3944 odium
1103 3873 1311 3965 conceperit,
1342 3895 1426 3944 sane

358 3996 514 4066 dubitari
530 4006 656 4091 potest,
679 4022 878 4092 quanquam
904 4008 937 4071 et
964 4001 994 4071 is
1014 4000 1189 4072 consensit
1213 4024 1292 4073 cum
1307 4000 1426 4071 volun·

358 4129 441 4207 tate,
465 4131 578 4195 mente
595 4131 698 4217 atque
713 4126 885 4196 sententia
908 4126 1070 4197 Gersonii
1089 4125 1198 4209 illius,
1221 4125 1293 4219 qui,
1316 4149 1425 4219 quum

351 4248 429 4340 jam
461 4255 565 4320 antea
597 4257 719 4321 contra
749 4251 1003 4322 Romantiam
1030 4253 1076 4322 cte
1103 4252 1207 4323 Rosa
1236 4250 1425 4344 asperrime

356 4373 515 4445 invectus
550 4383 652 4461 esset,
694 4376 790 4448 hisce
832 4375 947 4448 verbis
972 4385 1226 4470 peroraverat:
1267 4407 1283 4442 «
1319 4375 1425 4448 Aufe-

354 4505 498 4569 retur...
517 4499 604 4571 liber
628 4501 722 4584 talis,
741 4509 774 4573 et
801 4502 1051 4573 exterminetur
1071 4503 1200 4596 absque
1217 4502 1288 4573 ullo
1309 4525 1375 4574 usu
1390 4503 1426 4571 in
