3436 5404
797 538 953 598 „73-

389 699 462 772 Nec
479 699 550 772 illae
569 701 712 772 deerant
731 709 860 772 matres
884 724 962 794 quae
992 700 1097 771 miras
1126 701 1162 774 in
1187 701 1403 774 instituenda

335 829 520 922 juventute
544 827 734 919 magistras
759 849 833 897 sese
855 826 1109 911 existimarent,
1137 828 1166 898 si
1187 827 1320 920 puellas
1348 829 1406 896 rix

338 954 406 1024 fari
437 953 642 1048 incipientes
661 953 705 1024 ad
737 984 752 1017 «
775 952 907 1024 aulicos
927 975 1039 1024 mores
1059 983 1092 1037 »,
1129 954 1164 1023 id
1191 962 1244 1026 est
1268 955 1405 1030 adrem

338 1078 495 1150 omnium
515 1075 760 1150 stultissimam
779 1085 814 1149 et
827 1078 975 1149 insaniae
990 1078 1173 1171 cujusdam
1189 1079 1283 1152 haud
1299 1080 1404 1150 dissi*
1435 1104 1438 1111 ·
1467 1095 1470 1100 ·

340 1203 470 1289 milam,
489 1203 756 1300 prudentissime
772 1203 1070 1296 scientissimeque
1089 1203 1274 1296 fingerent.
1299 1204 1406 1299 Cujus

339 1328 533 1424 disciplinae
552 1329 617 1400 hoc
636 1335 712 1400 erat
726 1337 844 1421 caput,
864 1336 902 1399 nt
920 1329 963 1399 ad
980 1328 1123 1421 singula
1139 1330 1257 1412 verba,
1281 1331 1406 1422 quibus

339 1477 419 1526 cum
435 1463 545 1525 matre
564 1453 771 1546 loquebatur
791 1453 907 1546 puella
936 1460 1128 1546 repeteret:
1149 1454 1405 1526 Moduuacma

340 1577 461 1662 ababa
472 1579 628 1672 etsiquid
641 1587 798 1672 negaret,
811 1602 872 1670 pro
885 1579 1004 1670 Nanp
1017 1579 1261 1670 responderet:
1276 1581 1404 1662 Saloe,

337 1709 460 1776 vostre
472 1726 603 1794 proce,
619 1703 803 1775 Modoura
815 1705 881 1796 (l).
895 1704 980 1773 Haec
1000 1705 1106 1774 etiam
1125 1705 1305 1775 civilitatis
1326 1729 1421 1800 pars,

337 1830 538 1924 putabatur,
555 1829 688 1923 puellas
706 1830 956 1900 ercilotunc
971 1852 995 1899 a
1008 1831 1096 1900 lacu
1115 1829 1295 1922 multaque
1320 1831 1403 1913 alia,

337 1979 416 2049 quae
451 1977 558 2048 supra
594 1952 769 2034 diximuS,
803 1951 919 2046 legere
953 1976 1072 2046 opera,
1107 1976 1253 2045 quorum
1284 1977 1326 2023 ea
1355 1955 1422 2025 vis,

338 2088 413 2151 erat
456 2103 535 2172 quae
576 2101 696 2149 earum
739 2079 873 2180 animos
910 2077 1067 2162 falleret,
1112 2087 1149 2149 ut
1184 2110 1199 2142 n
1232 2078 1406 2151 volucrem

338 2227 465 2297 auceps
506 2202 596 2273 fallit
640 2203 733 2271 visco
771 2209 804 2272 et
835 2200 952 2272 tistulu
994 2201 1046 2294 (2)
1088 2231 1120 2288 »,
1156 2202 1419 2294 amatoriisque

338 2330 494 2402 historiis
530 2357 551 2397 a
589 2336 710 2398 tenera
753 2336 858 2396 atate
903 2326 1155 2410 assuefaceret,
1198 2335 1232 2397 et
1266 2327 1406 2398 doceret

267 2532 272 2540 ,
337 2457 434 2540 vitia.
458 2457 662 2550 priusquam
685 2463 825 2524 nossent
849 2454 930 2546 quid
961 2462 1051 2525 esset
1086 2455 1221 2525 ritium.
1248 2459 1418 2532 Quarum,

338 2583 478 2676 quidem
498 2573 698 2650 fabularum
730 2585 1052 2671 «argumentum»
1088 2578 1173 2648 illud
1202 2578 1273 2648 fere
1302 2585 1400 2648 erat:

342 2736 356 2769 n
379 2704 532 2774 Delusus
543 2703 585 2771 ab
605 2723 711 2771 uxore
727 2702 887 2784 maritus
906 2711 967 2772 aut
983 2701 1099 2794 puella
1119 2701 1248 2772 frustra
1264 2711 1404 2778 servata

338 2857 360 2902 a
370 2831 584 2926 parentibus,
600 2838 660 2900 aut
670 2828 821 2899 furtivus
836 2851 914 2897 cum
929 2836 1085 2897 amatore
1097 2829 1300 2899 concubitus
1310 2829 1375 2918 (3).
1385 2858 1400 2890 n

339 2959 454 3051 Atque
469 2957 544 3026 haec
560 2956 609 3027 ita
629 2955 868 3026 referebantur
888 2955 988 3046 qnasi
1006 2954 1090 3024 beno
1112 2960 1212 3044 gesta
1240 2955 1399 3038 fuissent,

339 3083 499 3175 felicique
519 3080 684 3173 nequitiae
704 3079 934 3173 plaudebatur
954 3079 961 3150 Ι

390 3209 570 3279 Postremo
598 3206 694 3276 inani
721 3205 848 3297 pietate
871 3204 1117 3274 imbuebantur
1152 3212 1186 3274 et
1223 3202 1400 3287 illiberali,

338 3358 416 3429 quae
437 3332 655 3426 repugnabat
691 3329 744 3400 illi
766 3353 857 3400 verre
881 3352 1130 3422 generosaque
1156 3330 1274 3423 pietati
1303 3331 1404 3424 cujus

337 3461 416 3530 haec
431 3481 568 3530 summa
582 3464 646 3540 est,
665 3457 777 3527 Deum
794 3479 897 3548 super
914 3443 1033 3526 omnia
1044 3479 1119 3526 esse
1130 3455 1356 3526 metuendum
1371 3464 1405 3526 et

338 3587 540 3670 amandum,
563 3587 621 3678 qui
637 3583 802 3667 condidit,
821 3584 880 3675 qui
901 3583 1051 3654 restituit
1071 3606 1111 3653 ac
1131 3585 1305 3676 gubernat
1326 3581 1403 3653 nni-

337 3735 449 3796 versa,
468 3734 641 3814 nusquam
658 3733 725 3780 non
740 3715 960 3803 praesentem,
977 3710 1066 3780 nihil
1082 3732 1152 3779 non
1174 3709 1398 3788 nescientem,

337 3837 431 3908 hunc
464 3836 527 3906 sibi
559 3835 744 3905 fidentibus
777 3843 809 3904 et
839 3835 947 3926 ipsius
979 3841 1152 3929 praecepta
1183 3833 1403 3904 servantibus

337 3961 501 4033 daturum
521 3962 627 4031 vitam
648 3968 827 4044 aeternam,
855 3959 948 4031 hunc
968 3983 1043 4030 esse
1073 3966 1401 4030 «remuneratorem
1429 3960 1431 3964 ⁴

369 4185 402 4248 (1)
418 4183 526 4235 Erasm.
542 4185 643 4234 rurba
660 4186 786 4232 arcuerim.
800 4183 885 4239 lust,
902 4183 935 4232 Τ.
955 4183 986 4232 V.
1005 4197 1034 4245 p.
1047 4181 1104 4231 fiet.

368 4276 402 4337 (2)
422 4275 481 4324 Vir.
496 4276 536 4324 De
550 4276 622 4323 lust.
632 4277 711 4334 strar.
724 4273 832 4329 christ„
851 4273 880 4320 T.
900 4273 930 4319 ll.
946 4271 976 4320 L.
995 4272 1014 4320 l.
1030 4271 1059 4321 C.
1079 4271 1153 4320 lllll.
1173 4285 1201 4333 p.
1212 4271 1269 4318 ouo.

368 4365 401 4426 (3)
417 4364 527 4412 Erasur.
543 4363 648 4413 Christ.
668 4363 796 4410 rrrutrr'm.
817 4363 901 4418 Inst,
919 4359 950 4407 T.
976 4360 1006 4406 l'.
1026 4375 1054 4425 p.
1075 4360 1132 4409 598.

951 4443 960 4470 0
