3436 5404
779 623 936 682 ...93-

322 796 493 883 praeterea
518 787 782 881 peregrinarum
800 796 854 857 est
874 787 1040 858 mercium
1063 787 1116 880 (l)
1140 817 1156 850 »
1184 781 1394 862 aestimanda

324 914 479 986 Luthero
507 912 728 984 videbantur.
761 911 926 982 Attamen
955 934 1062 1004 quum
1094 942 1110 978 ι(
1139 914 1389 988 christianis...

325 1039 509 1132 scripturae
536 1060 646 1108 sacrae
669 1036 874 1108 exercendae
896 1037 1051 1108 studium
1076 1037 1129 1131 (2)
1167 1067 1183 1102 »
1214 1040 1394 1132 potissime

324 1162 546 1245 conveniret,
596 1191 612 1227 α
653 1161 806 1254 primum
832 1160 948 1231 locum
984 1162 1108 1232 merito
1154 1191 1170 1226 a
1216 1164 1396 1236 obtinebat

328 1319 344 1354 «
374 1285 573 1379 Theologia
588 1286 769 1378 utriusque
788 1285 1003 1356 Testamenti
1026 1315 1059 1370 »‚
1086 1286 1211 1358 deinde
1239 1311 1395 1382 «graeca

324 1413 503 1504 latinaque
520 1411 647 1504 lingua
660 1439 693 1495 »‚
711 1417 745 1481 et
759 1410 849 1480 inter
864 1411 983 1480 omnia
995 1411 1153 1496 annales,
1167 1413 1347 1501 chronica,
1360 1418 1395 1484 et

325 1538 482 1610 historiae
493 1536 844 1630 quacumquelingua
854 1537 896 1606 ad
906 1540 1284 1630 posterostransmissae
1294 1540 1347 1633 (3)
1358 1569 1390 1610 ».

327 1663 410 1733 Inde
425 1684 495 1732 non
509 1662 611 1732 illum
625 1661 728 1732 modo
742 1661 936 1733 studiorum
956 1661 1108 1732 fructum
1127 1684 1204 1733 esse
1221 1662 1392 1745 futurum,

327 1785 429 1856 idest
448 1784 620 1856 nescimus
636 1806 741 1877 quam
756 1807 896 1854 morum
916 1782 1121 1855 civilitatem
1136 1791 1240 1876 atque
1253 1783 1396 1878 elegan-

327 1910 428 1992 tiam,
446 1909 504 1980 sed
527 1909 602 1980 fieri
626 1932 729 2003 posse
748 1918 787 1980 ut
802 1907 929 2002 puellae
953 1937 969 1974 α
992 1909 1154 1980 audirent
1175 1932 1218 1980 ex
1237 1909 1396 1980 historiis

328 2037 644 2128 rerumgestarum
671 2035 766 2106 dicta
790 2057 831 2104 ac
855 2034 949 2105 facta
976 2033 1084 2106 totius
1107 2034 1219 2118 urbis,
1245 2042 1284 2106 ut
1313 2034 1397 2105 huic

329 2181 452 2252 regno,
470 2159 634 2253 principi,
652 2159 727 2229 viro
742 2158 894 2252 privato,
922 2165 983 2229 aut
1002 2158 1140 2229 mulieri
1166 2159 1308 2230 tandem
1331 2160 1397 2229 hoc

329 2291 391 2355 aut
410 2284 497 2356 illud
511 2283 697 2356 consilium
720 2284 998 2368 successisset»,
1024 2290 1059 2355 et
1076 2314 1092 2350 (ι
1116 2284 1214 2355 brevi
1241 2292 1396 2378 tempore

328 2410 436 2481 totius
466 2409 510 2478 ab
543 2408 644 2480 initio
674 2410 795 2480 mundi
829 2408 1076 2491 conditionem,
1107 2408 1229 2493 vitam,
1265 2431 1394 2490 mores,

328 2532 627 2617 consuetudinem,
644 2533 805 2618 consilia,
829 2540 1091 2626 strategemata,
1120 2555 1321 2605 successum
1348 2534 1397 2605 rei

330 2657 486 2727 salvae-et
500 2657 647 2750 perditae
664 2664 830 2750 tanquam
846 2658 882 2728 in
898 2655 1038 2751 speculo
1057 2657 1286 2751 contemplari
1302 2659 1356 2752 (4)
1379 2686 1395 2721 υ

330 2786 483 2874 possent.

379 2904 634 2976 Existimamus
685 2882 860 2978 hactenus*
898 2905 1164 2978 similitudinem
1211 2908 1398 2998 quamdam

332 3029 456 3100 Vivam
476 3029 568 3101 inter
582 3039 688 3122 atque
701 3013 896 3102 Lutherum
915 3031 1129 3125 deprehendi
1143 3053 1266 3124 posse;
1289 3031 1348 3102 sed
1368 3040 1402 3101 et

331 3152 570 3224 diversissima
585 3155 745 3247 quaedam
768 3154 936 3226 facillime
957 3154 1159 3248 agnoveris,
1187 3177 1265 3247 quae
1295 3178 1401 3248 quum

331 3297 375 3344 en
407 3274 528 3346 nativa
563 3276 786 3369 ingeniorum
826 3277 1042 3360 diversitate,
1070 3284 1144 3347 tum
1173 3299 1217 3347 en
1245 3277 1402 3370 eoquod

333 3399 441 3471 variis
473 3402 598 3472 studiis
631 3402 781 3474 instituti
807 3403 984 3496 variisque
1013 3425 1057 3474 ex
1090 3403 1271 3496 principiis
1300 3404 1403 3474 ambo

332 3530 413 3594 sunt
430 3524 590 3617 proiecti,
608 3527 768 3598 derivata
783 3550 857 3599 esse
872 3528 1070 3598 videantur.

381 3648 558 3723 Lutherus
587 3653 681 3723 enim
709 3676 816 3746 quum
849 3654 1044 3724 Germanos
1065 3644 1198 3725 doleret
1224 3683 1241 3719 «
1269 3654 1400 3738 asinoe,

331 3780 487 3857 truncos,
505 3775 680 3861 caudices,
694 3777 822 3872 fungos
837 3778 1029 3870 plumbeos
1045 3778 1201 3872 stupidos
1216 3801 1291 3850 esse
1301 3776 1365 3868 (ὅ),
1384 3808 1399 3842 »

331 3903 366 3968 et
373 3898 503 3992 juvare
517 3923 603 3972 cura
622 3904 875 3997 prudentiaque
894 3904 1018 3975 docere
1040 3933 1056 3968 «
1084 3903 1265 3975 confusam
1295 3902 1403 3996 vulgo

363 4135 398 4200 (1)
416 4138 495 4187 Luth.
512 4141 554 4189 De
565 4141 632 4189 inst.
649 4141 759 4202 pueris,
775 4141 806 4189 Τ.
820 4141 882 4190 VH.
897 4157 926 4204 p.
937 4141 992 4191 441.
1007 4153 1044 4191 ve.

367 4225 400 4288 (2)
420 4227 461 4276 Id.
477 4229 562 4288 Ibin,
579 4228 609 4278 T.
626 4228 689 4278 VII.
703 4244 730 4293 p.
745 4229 801 4279 443.
815 4241 851 4279 v0.

327 4381 331 4390 ὓ
363 4319 397 4381 (3)
415 4317 457 4366 Id.
475 4316 681 4376 Ibid.,T.V11.
698 4331 724 4380 p.
742 4317 798 4367 447.
817 4329 841 4368 κ’

364 4408 399 4470 (4)
417 4405 498 4454 Luth.
512 4407 553 4456 Dc
565 4405 632 4455 inst.
647 4407 758 4467 pueris,
771 4407 801 4457 T.
818 4407 879 4457 VII.
898 4409 987 4471 pam.
1005 4419 1042 4458 vn.

364 4496 398 4558 (5)
415 4495 457 4544 Id.
470 4495 556 4544 Iota..
571 4495 601 4544 T.
616 4495 673 4545 vn.
691 4510 718 4559 p.
733 4496 788 4546 ess.
804 4496 848 4546 V0.
