3436 5404
604 1586 756 1664 mom<
782 1584 1036 1658 messena

440 1875 500 1930 QUI
526 1875 573 1922 ΑΙ)
599 1873 667 1924 ΗΟΟ
698 1871 958 1936 CONFICIENDUM
985 1869 1194 1922 OPUSCULUM
1259 1865 1260 1868 Ἴ

591 2051 783 2104 PRAEOIPUE
797 2049 1052 2100 CONTULERUNT

285 2573 320 2628 H.
333 2571 366 2628 0.
383 2570 579 2642 AGRIPPAE.
601 2569 760 2644 -Operau

390 2673 435 2729 De
452 2669 681 2729 Incertitudine
690 2672 719 2726 et
733 2668 881 2728 Vanitate
894 2668 1102 2725 scientiarum
1114 2671 1206 2742 atque
1221 2667 1352 2725 artium.

393 2769 546 2842 Lugduni,
563 2784 617 2840 per
632 2770 781 2840 Beringos
793 2766 913 2825 tratres.
937 2768 972 2822 T.
996 2765 1034 2822 11.

285 2941 358 2998 AEG.
379 2939 591 2997 COLUMNAE.
614 2971 646 2980 -
663 2940 707 2996 De
725 2938 892 3012 Repimine
909 2936 1106 3012 principum,
1129 2939 1192 2994 Lib.
1213 2937 1265 2993 III.

359 3040 470 3106 Romae,
493 3041 577 3110 apud
594 3040 852 3101 Bartholomaeum
870 3039 1065 3104 Zannettum,
1080 3039 1159 3094 1607.

223 3278 225 3284 Ι
288 3192 540 3252 DUPANLOUP.
559 3226 592 3235 -
618 3195 768 3268 Quelqnes
784 3193 914 3252 conseils
930 3211 993 3250 aua
1015 3194 1144 3266 semines
1164 3191 1357 3250 annetiennes

394 3291 449 3367 qui
467 3293 574 3350 vivent
589 3293 668 3350 dans
700 3293 727 3350 le
747 3294 858 3356 monde
878 3310 934 3350 sur
964 3293 991 3348 le
1020 3291 1141 3349 travail
1167 3289 1358 3348 intellectuel

395 3389 451 3465 qui
469 3391 539 3446 leur
556 3389 717 3448 convient.

290 3570 448 3629 ERASMI.
471 3602 504 3612 -
524 3570 642 3643 Opera.

360 3668 541 3726 Christiani
557 3668 758 3725 matrimonii
773 3666 945 3733 Institutio,
964 3670 1001 3724 T.
1019 3668 1055 3722 V.

363 3767 536 3840 Colloquia,
559 3771 590 3824 Τ.
609 3769 632 3822 Ι.

361 3866 404 3921 De
419 3866 528 3939 pueris
541 3866 650 3922 statim
662 3883 697 3921 ae
714 3865 889 3922 liberaliter
904 3864 1121 3931 instituendis,
1139 3866 1170 3920 Τ.
1192 3864 1214 3918 I.

370 3963 508 4028 Basileus,
530 3979 565 4019 ex
590 3965 710 4020 officina
737 3964 939 4028 Frobeniana,
970 3963 1052 4018 1510.

291 4135 451 4192 ERASMI.
477 4167 509 4175 -
533 4133 749 4208 Epistularum
773 4133 861 4190 Libri
884 4132 997 4197 XXXI,
1021 4135 1048 4188 et
1072 4134 1109 4187 P.
1126 4131 1358 4188 Melancthonis

396 4234 483 4289 Libri
500 4234 517 4288 I
522 4229 554 4298 V,
578 4233 688 4306 quibus
718 4232 920 4304 adjiciuntur
943 4231 996 4286 Th.
1013 4230 1099 4286 Mori
1117 4232 1146 4286 et
1169 4231 1247 4286 Lud.
1270 4228 1357 4286 Vivis

398 4349 414 4386 e
436 4330 546 4387 istolce.

360 4347 499 4486 Lsffidini.
517 4427 707 4480 excutiebant
728 4425 764 4480 M.
787 4424 911 4481 Flesher
929 4390 960 4480 et
972 4425 1005 4479 R.
1024 4425 1144 4493 Young,
1165 4421 1246 4478 1512.

295 4562 489 4634 FENELON.
509 4611 539 4617 --
559 4577 603 4633 De
620 4576 817 4634 l'Edueation
833 4577 883 4632 ees
903 4577 997 4650 filies.
