3436 5404
834 619 993 680 ..30-

267 853 271 860 ,
370 779 532 851 efficitur
551 797 662 865 mens,
678 786 713 850 01
731 781 877 854 rationis
895 783 948 854 vis
968 782 1153 866 excitatur,
1186 803 1227 852 ao
1252 782 1444 858 instillatur

380 904 521 974 virtutis
539 926 649 987 amor,
672 905 921 999 sapientiaeque
948 906 1117 977 adversus
1141 904 1342 999 opinionum
1367 932 1442 980 cor-

378 1027 549 1121 ruptelam
565 1031 945 1123 praeceptatruduntur.
962 1030 1134 1124 Quidquid
1153 1039 1270 1102 autem
1290 1033 1335 1102 ad
1356 1034 1441 1106 bene

378 1164 542 1248 recteque
572 1155 759 1228 vivendum
782 1167 927 1251 spectat,
950 1181 1057 1250 quum
1089 1159 1181 1252 apud
1205 1161 1390 1232 Platonem
1410 1169 1444 1232 01

379 1279 624 1364 Plutarchum,
642 1289 716 1352 tum
736 1283 830 1376 apud
849 1284 1006 1356 Tullium
1032 1291 1136 1377 atque
1167 1285 1337 1356 Senecam
1350 1308 1443 1378 repc-

378 1407 480 1493 ritur,
499 1407 666 1500 quianon
685 1407 773 1479 alios
789 1408 891 1480 facile
912 1409 1104 1480 dixerimus
1128 1409 1163 1480 in
1185 1410 1326 1502 quibus,
1347 1409 1442 1488 velut

377 1532 411 1600 in
432 1532 548 1624 opimo
562 1529 739 1625 fertilique
754 1555 853 1626 agr0,
874 1533 988 1605 latior
1004 1532 1232 1626 pulchrarum
1251 1535 1441 1606 sententia-

377 1677 455 1725 rum
474 1654 823 1748 memorabiliumque
844 1657 1029 1726 verborum
1052 1678 1152 1748 seges
1171 1653 1385 1727 luxurietur.

424 1776 638 1870 Diligentius
672 1800 752 1848 vero
780 1779 1007 1870 investigabit
1039 1785 1143 1870 atque
1176 1778 1444 1871 comprehendet

376 1901 562 1996 scriptores
577 1903 634 1995 qui
650 1903 692 1972 dc
711 1902 980 1972 domesticarum
1000 1925 1117 1974 rerum
1133 1925 1198 1974 usu
1214 1903 1439 1996 seripserunt,
1494 1955 1497 1960 -

375 2037 409 2096 et
428 2049 535 2120 quum
555 2027 654 2111 alios,
679 2035 754 2098 tum
783 2027 818 2096 in
835 2027 957 2119 primis
976 2027 1029 2097 his
1055 2028 1098 2098 de
1121 2027 1225 2099 rebus
1245 2025 1443 2120 loquentem

374 2160 436 2222 aut
450 2151 675 2223 Aristotelem
698 2161 760 2223 aut
776 2153 1045 2245 Xenophontem
1071 2159 1206 2243 nosuet3
1233 2153 1443 2245 posteriores

375 2255 506 2360 autem,
529 2277 731 2370 utquisque
757 2277 812 2347 his
832 2300 919 2370 qnos
947 2278 1096 2348 dicimus
1123 2278 1267 2371 propius
1294 2276 1446 2371 peculia-

376 2405 460 2474 riter
487 2404 686 2475 accesserit.
720 2404 835 2482 Quare
864 2403 1015 2496 paucula
1043 2403 1086 2475 de
1109 2405 1314 2496 quotidiana
1333 2405 1446 2475 victus

375 2530 523 2613 ratione,
546 2551 609 2598 000
624 2552 692 2599 000
707 2529 749 2598 (le
764 2529 914 2622 simplici
928 2528 1068 2620 quidem
1093 2551 1133 2599 ac
1156 2529 1251 2599 facili
1265 2514 1445 2600 'medicina

373 2654 589 2738 odorabitur,
609 2676 678 2745 qua
701 2676 738 2724 re
766 2654 915 2724 maxime
941 2660 993 2723 est
1012 2675 1097 2745 opus
1120 2652 1156 2722 in
1183 2653 1325 2740 morbis,
1355 2676 1443 2746 prae·

372 2780 491 2849 sertim
511 2801 617 2872 quum
634 2780 721 2849 tanti
747 2801 815 2848 000
837 2779 920 2860 sint,
943 2786 982 2849 ut
1000 2786 1140 2872 propter
1164 2779 1243 2849 illos
1267 2779 1442 2850 nescimus

372 2906 473 2998 cujus
492 2906 616 2975 medici
641 2904 862 2998 imploranda
884 2926 991 2998 opera
1014 2903 1319 2998 flagitandumque
1346 2905 1443 2974 auxi·
1516 2951 1518 2956 ·

372 3031 461 3103 lium
477 3033 535 3103 sit.
1114 3045 1116 3050 ·

420 3157 519 3235 Quod
530 3158 559 3228 si
575 3155 683 3251 poetis
693 3154 882 3247 aliquando
897 3154 1100 3238 delectetur,
1115 3177 1183 3226 non
1196 3153 1275 3225 illos
1293 3155 1444 3247 attinget

372 3306 458 3375 quos
474 3303 516 3352 ex
547 3282 632 3352 urbe
655 3304 720 3351 sua
739 3279 917 3374 pellendos
936 3280 1038 3351 Plato
1066 3257 1241 3362 censebat,
1260 3277 1445 3372 improbati

373 3414 476 3500 atque
491 3406 648 3476 damnati
668 3406 811 3498 perinde
826 3405 976 3476 fuissent
988 3428 998 3494 ;
1011 3406 1077 3501 ‘sed
1097 3404 1177 3476 illos
1197 3426 1345 3498 quorum
1360 3426 1445 3473 car-

374 3531 470 3602 mina
490 3530 678 3623 quamdam
698 3529 830 3621 legenti
850 3530 1009 3622 proebent
1029 3530 1229 3614 utilitatem,
1247 3529 1339 3600 inter
1358 3550 1444 3621 quos

373 3656 597 3736 Prudentius,
625 3654 767 3737 Arator,
787 3656 950 3748 Prosper,
982 3655 1173 3738 1011000110,
1202 3652 1442 3745 Paulinusque

372 3790 601 3851 numerantur
616 3781 683 3873 (l).
711 3781 764 3850 Ea
783 3781 875 3850 enim
897 3780 1002 3850 Vives
1028 3780 1065 3850 in
1088 3779 1233 3880 judiciis
1256 3779 1442 3849 severitate

371 3913 435 3987 est,
454 3912 490 3976 01
509 3905 596 3975 illud
616 3905 727 3976 satius
741 3928 815 3976 esse
834 3905 1020 3991 existimet,
1045 3933 1061 3970 n
1084 3927 1195 3974 caecas
1216 3911 1250 3974 01
1265 3904 1437 3976 surdas...

371 4031 508 4123 ingredi
525 4032 559 4100 in
571 4032 680 4101 vitam
695 4030 748 4122 (2)
760 4059 776 4093 11
796 4029 942 4124 puellas,
956 4053 1062 4122 quam
1076 4051 1118 4100 ea
1132 4051 1261 4099 arcano
1276 4029 1439 4122 contagio

372 4156 522 4247 quodam
546 4155 712 4226 imbibere
731 4178 810 4249 quae
837 4155 882 4225 ad
909 4154 1126 4225 incendenda
1154 4154 1292 4247 flagitia
1307 4153 1437 4224 valent.

372 4281 489 4359 Quare
517 4279 620 4351 vellet
644 4281 839 4352 sacerdotes
864 4280 945 4374 ipsi,
972 4280 1023 4366 (id
1042 4279 1133 4373 quod
1158 4286 1220 4350 aut
1239 4302 1357 4373 parvae
1379 4286 1440 4350 aut

401 4476 438 4539 (1)
455 4475 517 4526 viv.
531 4479 572 4527 De
588 4478 659 4526 lact.
671 4479 751 4537 saenz.
769 4478 877 4533 christ,
889 4475 917 4526 T.
929 4475 961 4525 ll.
981 4474 1013 4523 L.
1031 4475 1050 4522 l.
1063 4475 1093 4524 G.
1107 4475 1138 4522 V.
1159 4490 1188 4538 p.
1205 4474 1265 4524 669.

401 4569 436 4632 (2)
454 4568 492 4617 Id.
511 4570 552 4618 Dc
568 4570 641 4617 [nst.
656 4571 735 4628 stem.
749 4568 858 4624 christ,
872 4566 945 4614 'r.11.
965 4566 987 4614 li
1015 4565 1034 4614 l.
1050 4565 1079 4613 G.
1095 4565 1128 4614 V.
1140 4580 1167 4629 p.
1181 4565 1237 4614 657.
