<?xml version="1.0" encoding="UTF-8"?>
<!DOCTYPE html PUBLIC "-//W3C//DTD XHTML 1.0 Transitional//EN"
    "http://www.w3.org/TR/xhtml1/DTD/xhtml1-transitional.dtd">
<html xmlns="http://www.w3.org/1999/xhtml" xml:lang="en" lang="en">
 <head>
  <title>
</title>
<meta http-equiv="Content-Type" content="text/html;charset=utf-8" />
  <meta name='ocr-system' content='tesseract 3.04.00' />
  <meta name='ocr-capabilities' content='ocr_page ocr_carea ocr_par ocr_line ocrx_word'/>
</head>
<body>
  <div class='ocr_page' id='page_1' title='image "./quiddepuellisin00thibgoog_0077.png"; bbox 0 0 3436 5404; ppageno 0'>
   <div class='ocr_carea' id='block_1_1' title="bbox 791 583 889 644">
    <p class='ocr_par' dir='ltr' id='par_1_1' title="bbox 791 583 949 644">
     <span class='ocr_line' id='line_1_1' title="bbox 791 583 889 644; baseline -0.006 -18"><span class='ocrx_word' id='word_1_1' title='bbox 791 616 829 626; x_wconf 88' lang='lat'>..</span> <span class='ocrx_word' id='word_1_2' title='bbox 851 583 889 644; x_wconf 73' lang='grc'>68</span> 
     </span>
    </p>
   </div>
   <div class='ocr_carea' id='block_1_2' title="bbox 333 745 1471 3340">
    <p class='ocr_par' dir='ltr' id='par_1_2' title="bbox 333 745 1471 3340">
     <span class='ocr_line' id='line_1_2' title="bbox 383 745 1399 840; baseline 0.002 -23"><span class='ocrx_word' id='word_1_3' title='bbox 383 747 526 818; x_wconf 80' lang='lat' dir='ltr'>Constat</span> <span class='ocrx_word' id='word_1_4' title='bbox 540 753 616 818; x_wconf 93' lang='lat' dir='ltr'>tum</span> <span class='ocrx_word' id='word_1_5' title='bbox 634 745 754 817; x_wconf 90' lang='lat' dir='ltr'>solitos</span> <span class='ocrx_word' id='word_1_6' title='bbox 769 769 843 817; x_wconf 89' lang='lat' dir='ltr'>esse</span> <span class='ocrx_word' id='word_1_7' title='bbox 856 753 1016 840; x_wconf 87' lang='lat' dir='ltr'>parentes</span> <span class='ocrx_word' id='word_1_8' title='bbox 1042 745 1195 818; x_wconf 87' lang='lat' dir='ltr'>natalem</span> <span class='ocrx_word' id='word_1_9' title='bbox 1210 747 1293 818; x_wconf 85' lang='lat' dir='ltr'>filiae</span> <span class='ocrx_word' id='word_1_10' title='bbox 1308 748 1399 820; x_wconf 93' lang='lat' dir='ltr'>diem</span> 
     </span>
     <span class='ocr_line' id='line_1_3' title="bbox 335 871 1397 964; baseline 0.001 -21"><span class='ocrx_word' id='word_1_11' title='bbox 335 895 403 944; x_wconf 91' lang='lat' dir='ltr'>non</span> <span class='ocrx_word' id='word_1_12' title='bbox 415 873 465 943; x_wconf 88' lang='lat' dir='ltr'>ita</span> <span class='ocrx_word' id='word_1_13' title='bbox 475 871 631 964; x_wconf 87' lang='lat' dir='ltr'>jucunde</span> <span class='ocrx_word' id='word_1_14' title='bbox 646 873 822 964; x_wconf 83' lang='lat' dir='ltr'>prosequi,</span> <span class='ocrx_word' id='word_1_15' title='bbox 841 872 968 942; x_wconf 92' lang='lat' dir='ltr'>nedum</span> <span class='ocrx_word' id='word_1_16' title='bbox 978 871 1057 942; x_wconf 88' lang='lat' dir='ltr'>albo</span> <span class='ocrx_word' id='word_1_17' title='bbox 1067 871 1213 958; x_wconf 86' lang='lat' dir='ltr'>calculo,</span> <span class='ocrx_word' id='word_1_18' title='bbox 1234 880 1272 945; x_wconf 92' lang='lat' dir='ltr'>ut</span> <span class='ocrx_word' id='word_1_19' title='bbox 1285 874 1397 961; x_wconf 90' lang='lat' dir='ltr'>aiunt,</span> 
     </span>
     <span class='ocr_line' id='line_1_4' title="bbox 336 981 1471 1093; baseline 0.001 -24"><span class='ocrx_word' id='word_1_20' title='bbox 336 1005 508 1069; x_wconf 87' lang='lat' dir='ltr'>notarent.</span> <span class='ocrx_word' id='word_1_21' title='bbox 532 998 666 1090; x_wconf 84' lang='lat' dir='ltr'>Quippe</span> <span class='ocrx_word' id='word_1_22' title='bbox 685 997 758 1090; x_wconf 92' lang='lat' dir='ltr'>qui,</span> <span class='ocrx_word' id='word_1_23' title='bbox 785 997 843 1068; x_wconf 85' lang='lat' dir='ltr'>vix</span> <span class='ocrx_word' id='word_1_24' title='bbox 872 1003 1026 1068; x_wconf 80' lang='lat' dir='ltr'>tumente</span> <span class='ocrx_word' id='word_1_25' title='bbox 1051 998 1170 1068; x_wconf 86' lang='lat' dir='ltr'>uxoris</span> <span class='ocrx_word' id='word_1_26' title='bbox 1194 1007 1307 1083; x_wconf 87' lang='lat' dir='ltr'>utero,</span> <span class='ocrx_word' id='word_1_27' title='bbox 1325 1001 1400 1093; x_wconf 86' lang='lat' dir='ltr'>jam</span> <span class='ocrx_word' id='word_1_28' title='bbox 1469 981 1471 988; x_wconf 40' lang='lat'>⁵</span> 
     </span>
     <span class='ocr_line' id='line_1_5' title="bbox 336 1123 1400 1218; baseline 0.002 -24"><span class='ocrx_word' id='word_1_29' title='bbox 336 1123 426 1194; x_wconf 91' lang='lat' dir='ltr'>nihil</span> <span class='ocrx_word' id='word_1_30' title='bbox 449 1123 627 1216; x_wconf 87' lang='lat' dir='ltr'>antiquius</span> <span class='ocrx_word' id='word_1_31' title='bbox 655 1123 838 1205; x_wconf 89' lang='lat' dir='ltr'>haberent,</span> <span class='ocrx_word' id='word_1_32' title='bbox 857 1146 961 1214; x_wconf 86' lang='lat' dir='ltr'>quam</span> <span class='ocrx_word' id='word_1_33' title='bbox 984 1130 1023 1193; x_wconf 88' lang='lat' dir='ltr'>ut</span> <span class='ocrx_word' id='word_1_34' title='bbox 1053 1123 1097 1192; x_wconf 91' lang='lat' dir='ltr'>ad</span> <span class='ocrx_word' id='word_1_35' title='bbox 1123 1147 1160 1194; x_wconf 87' lang='lat' dir='ltr'>se</span> <span class='ocrx_word' id='word_1_36' title='bbox 1185 1125 1400 1218; x_wconf 72' lang='lat' dir='ltr'>astrologum</span> 
     </span>
     <span class='ocr_line' id='line_1_6' title="bbox 334 1247 1401 1339; baseline 0.005 -22"><span class='ocrx_word' id='word_1_37' title='bbox 334 1255 562 1332; x_wconf 75' lang='lat' dir='ltr'>accerserent,</span> <span class='ocrx_word' id='word_1_38' title='bbox 609 1247 914 1339; x_wconf 90' lang='lat' dir='ltr'>curiosissimeque</span> <span class='ocrx_word' id='word_1_39' title='bbox 954 1248 997 1318; x_wconf 88' lang='lat' dir='ltr'>ab</span> <span class='ocrx_word' id='word_1_40' title='bbox 1043 1270 1082 1318; x_wconf 91' lang='lat' dir='ltr'>eo</span> <span class='ocrx_word' id='word_1_41' title='bbox 1140 1248 1401 1322; x_wconf 84' lang='lat' dir='ltr'>sciscitarentur</span> 
     </span>
     <span class='ocr_line' id='line_1_7' title="bbox 337 1372 1394 1468; baseline 0.003 -26"><span class='ocrx_word' id='word_1_42' title='bbox 337 1403 352 1438; x_wconf 90' lang='lat'>«</span> <span class='ocrx_word' id='word_1_43' title='bbox 372 1372 593 1455; x_wconf 86' lang='lat' dir='ltr'>masculusne</span> <span class='ocrx_word' id='word_1_44' title='bbox 621 1373 857 1468; x_wconf 84' lang='lat' dir='ltr'>proditurus»</span> <span class='ocrx_word' id='word_1_45' title='bbox 886 1380 989 1456; x_wconf 89' lang='lat' dir='ltr'>esset,</span> <span class='ocrx_word' id='word_1_46' title='bbox 1018 1403 1033 1437; x_wconf 90' lang='lat'>«</span> <span class='ocrx_word' id='word_1_47' title='bbox 1057 1396 1101 1443; x_wconf 88' lang='lat' dir='ltr'>an</span> <span class='ocrx_word' id='word_1_48' title='bbox 1120 1374 1266 1445; x_wconf 86' lang='lat' dir='ltr'>foemina</span> <span class='ocrx_word' id='word_1_49' title='bbox 1282 1375 1352 1466; x_wconf 89' lang='lat' dir='ltr'>(l).</span> <span class='ocrx_word' id='word_1_50' title='bbox 1380 1405 1394 1436; x_wconf 77' lang='lat' dir='ltr'>n</span> 
     </span>
     <span class='ocr_line' id='line_1_8' title="bbox 334 1497 1401 1592; baseline 0.004 -24"><span class='ocrx_word' id='word_1_51' title='bbox 334 1497 371 1568; x_wconf 88' lang='lat' dir='ltr'>Si</span> <span class='ocrx_word' id='word_1_52' title='bbox 387 1498 476 1570; x_wconf 87' lang='lat' dir='ltr'>sorte</span> <span class='ocrx_word' id='word_1_53' title='bbox 495 1521 580 1592; x_wconf 89' lang='lat' dir='ltr'>puer</span> <span class='ocrx_word' id='word_1_54' title='bbox 595 1505 698 1570; x_wconf 88' lang='lat' dir='ltr'>natus</span> <span class='ocrx_word' id='word_1_55' title='bbox 712 1507 814 1584; x_wconf 91' lang='lat' dir='ltr'>esset,</span> <span class='ocrx_word' id='word_1_56' title='bbox 831 1498 990 1570; x_wconf 84' lang='lat' dir='ltr'>laetitiam</span> <span class='ocrx_word' id='word_1_57' title='bbox 1009 1499 1229 1592; x_wconf 88' lang='lat' dir='ltr'>apertissime</span> <span class='ocrx_word' id='word_1_58' title='bbox 1246 1501 1401 1583; x_wconf 86' lang='lat' dir='ltr'>ferebant</span> 
     </span>
     <span class='ocr_line' id='line_1_9' title="bbox 333 1624 1402 1719; baseline 0.003 -25"><span class='ocrx_word' id='word_1_59' title='bbox 333 1645 465 1707; x_wconf 77' lang='lat' dir='ltr'>omneS,</span> <span class='ocrx_word' id='word_1_60' title='bbox 501 1631 668 1717; x_wconf 89' lang='lat' dir='ltr'>tanquam</span> <span class='ocrx_word' id='word_1_61' title='bbox 693 1625 722 1696; x_wconf 92' lang='lat' dir='ltr'>si</span> <span class='ocrx_word' id='word_1_62' title='bbox 747 1624 883 1695; x_wconf 88' lang='lat' dir='ltr'>felicius</span> <span class='ocrx_word' id='word_1_63' title='bbox 912 1633 1060 1695; x_wconf 84' lang='lat' dir='ltr'>matrem</span> <span class='ocrx_word' id='word_1_64' title='bbox 1091 1625 1305 1719; x_wconf 89' lang='lat' dir='ltr'>«peperisse</span> <span class='ocrx_word' id='word_1_65' title='bbox 1336 1648 1402 1696; x_wconf 87' lang='lat' dir='ltr'>ca-</span> 
     </span>
     <span class='ocr_line' id='line_1_10' title="bbox 334 1747 1397 1841; baseline 0.002 -23"><span class='ocrx_word' id='word_1_66' title='bbox 334 1747 460 1831; x_wconf 91' lang='lat' dir='ltr'>tulum,</span> <span class='ocrx_word' id='word_1_67' title='bbox 488 1772 592 1841; x_wconf 84' lang='lat' dir='ltr'>quam</span> <span class='ocrx_word' id='word_1_68' title='bbox 613 1748 773 1820; x_wconf 87' lang='lat' dir='ltr'>catellam</span> <span class='ocrx_word' id='word_1_69' title='bbox 796 1778 812 1812; x_wconf 87' lang='lat'>»</span> <span class='ocrx_word' id='word_1_70' title='bbox 839 1748 1147 1821; x_wconf 85' lang='lat' dir='ltr'>existimavissent.</span> <span class='ocrx_word' id='word_1_71' title='bbox 1183 1780 1198 1814; x_wconf 74' lang='grc' dir='ltr'><em>α</em></span> <span class='ocrx_word' id='word_1_72' title='bbox 1223 1751 1397 1820; x_wconf 87' lang='lat' dir='ltr'>Marem»</span> 
     </span>
     <span class='ocr_line' id='line_1_11' title="bbox 335 1871 1397 1966; baseline 0.002 -26"><span class='ocrx_word' id='word_1_73' title='bbox 335 1871 501 1942; x_wconf 89' lang='lat' dir='ltr'>nimirum</span> <span class='ocrx_word' id='word_1_74' title='bbox 525 1901 541 1937; x_wconf 91' lang='lat'>«</span> <span class='ocrx_word' id='word_1_75' title='bbox 562 1880 689 1943; x_wconf 85' lang='lat' dir='ltr'>natura</span> <span class='ocrx_word' id='word_1_76' title='bbox 709 1873 1048 1966; x_wconf 84' lang='lat' dir='ltr'>praestantiorem...</span> <span class='ocrx_word' id='word_1_77' title='bbox 1068 1896 1175 1966; x_wconf 88' lang='lat' dir='ltr'>quam</span> <span class='ocrx_word' id='word_1_78' title='bbox 1189 1872 1368 1944; x_wconf 82' lang='lat' dir='ltr'>foeminam</span> <span class='ocrx_word' id='word_1_79' title='bbox 1382 1901 1397 1937; x_wconf 79' lang='lat' dir='ltr'>n</span> 
     </span>
     <span class='ocr_line' id='line_1_12' title="bbox 334 1971 1465 2090; baseline 0 -22"><span class='ocrx_word' id='word_1_80' title='bbox 334 1997 515 2090; x_wconf 87' lang='lat' dir='ltr'>putabant,</span> <span class='ocrx_word' id='word_1_81' title='bbox 555 2020 616 2068; x_wconf 87' lang='lat' dir='ltr'>sou</span> <span class='ocrx_word' id='word_1_82' title='bbox 648 1998 782 2070; x_wconf 88' lang='lat' dir='ltr'>viribus</span> <span class='ocrx_word' id='word_1_83' title='bbox 819 1998 1049 2070; x_wconf 85' lang='lat' dir='ltr'>antecellebat</span> <span class='ocrx_word' id='word_1_84' title='bbox 1084 1996 1155 2082; x_wconf 93' lang='lat' dir='ltr'>ille,</span> <span class='ocrx_word' id='word_1_85' title='bbox 1194 2020 1255 2070; x_wconf 89' lang='lat' dir='ltr'>seu</span> <span class='ocrx_word' id='word_1_86' title='bbox 1288 1997 1402 2071; x_wconf 90' lang='lat' dir='ltr'>rarius</span> <span class='ocrx_word' id='word_1_87' title='bbox 1462 1971 1465 1978; x_wconf 36' lang='lat'>⁵</span> 
     </span>
     <span class='ocr_line' id='line_1_13' title="bbox 334 2121 1398 2215; baseline 0.001 -26"><span class='ocrx_word' id='word_1_88' title='bbox 334 2121 465 2191; x_wconf 89' lang='lat' dir='ltr'>morbis</span> <span class='ocrx_word' id='word_1_89' title='bbox 493 2121 724 2205; x_wconf 82' lang='lat' dir='ltr'>afficiebatur,</span> <span class='ocrx_word' id='word_1_90' title='bbox 747 2145 807 2194; x_wconf 91' lang='lat' dir='ltr'>seu</span> <span class='ocrx_word' id='word_1_91' title='bbox 828 2123 975 2214; x_wconf 85' lang='lat' dir='ltr'>denique</span> <span class='ocrx_word' id='word_1_92' title='bbox 992 2123 1086 2215; x_wconf 88' lang='lat' dir='ltr'>prior</span> <span class='ocrx_word' id='word_1_93' title='bbox 1107 2129 1245 2193; x_wconf 88' lang='lat' dir='ltr'>creatus</span> <span class='ocrx_word' id='word_1_94' title='bbox 1272 2123 1398 2192; x_wconf 85' lang='lat' dir='ltr'>fuerat.</span> 
     </span>
     <span class='ocr_line' id='line_1_14' title="bbox 336 2245 1400 2338; baseline 0.001 -23"><span class='ocrx_word' id='word_1_95' title='bbox 336 2245 434 2323; x_wconf 85' lang='lat' dir='ltr'>Quod</span> <span class='ocrx_word' id='word_1_96' title='bbox 451 2246 589 2338; x_wconf 90' lang='lat' dir='ltr'>quidem</span> <span class='ocrx_word' id='word_1_97' title='bbox 600 2247 743 2338; x_wconf 84' lang='lat' dir='ltr'>egregie</span> <span class='ocrx_word' id='word_1_98' title='bbox 755 2246 1016 2338; x_wconf 87' lang='lat' dir='ltr'>significaverat</span> <span class='ocrx_word' id='word_1_99' title='bbox 1032 2247 1116 2316; x_wconf 94' lang='lat' dir='ltr'>olim</span> <span class='ocrx_word' id='word_1_100' title='bbox 1132 2245 1280 2329; x_wconf 68' lang='lat' dir='ltr'>Paulus</span> <span class='ocrx_word' id='word_1_101' title='bbox 1299 2245 1400 2338; x_wconf 86' lang='lat' dir='ltr'>cujus</span> 
     </span>
     <span class='ocr_line' id='line_1_15' title="bbox 336 2371 1402 2464; baseline 0.001 -22"><span class='ocrx_word' id='word_1_102' title='bbox 336 2371 508 2442; x_wconf 87' lang='lat' dir='ltr'>sententia</span> <span class='ocrx_word' id='word_1_103' title='bbox 527 2380 600 2442; x_wconf 91' lang='lat' dir='ltr'>est:</span> <span class='ocrx_word' id='word_1_104' title='bbox 628 2371 736 2440; x_wconf 89' lang='lat' dir='ltr'>«Viri</span> <span class='ocrx_word' id='word_1_105' title='bbox 756 2379 906 2464; x_wconf 87' lang='lat' dir='ltr'>caput...</span> <span class='ocrx_word' id='word_1_106' title='bbox 929 2394 1003 2442; x_wconf 90' lang='lat' dir='ltr'>esse</span> <span class='ocrx_word' id='word_1_107' title='bbox 1033 2372 1263 2455; x_wconf 84' lang='lat' dir='ltr'>Christum»,</span> <span class='ocrx_word' id='word_1_108' title='bbox 1289 2403 1304 2436; x_wconf 88' lang='lat'>«</span> <span class='ocrx_word' id='word_1_109' title='bbox 1328 2394 1402 2443; x_wconf 90' lang='lat' dir='ltr'>mu-</span> 
     </span>
     <span class='ocr_line' id='line_1_16' title="bbox 335 2497 1403 2590; baseline 0.002 -24"><span class='ocrx_word' id='word_1_110' title='bbox 335 2497 469 2568; x_wconf 86' lang='lat' dir='ltr'>lieris»</span> <span class='ocrx_word' id='word_1_111' title='bbox 498 2505 614 2568; x_wconf 88' lang='lat' dir='ltr'>autem</span> <span class='ocrx_word' id='word_1_112' title='bbox 643 2527 658 2561; x_wconf 89' lang='lat'>«</span> <span class='ocrx_word' id='word_1_113' title='bbox 681 2505 785 2590; x_wconf 87' lang='lat' dir='ltr'>caput</span> <span class='ocrx_word' id='word_1_114' title='bbox 810 2498 923 2568; x_wconf 90' lang='lat' dir='ltr'>virum</span> <span class='ocrx_word' id='word_1_115' title='bbox 943 2523 985 2588; x_wconf 80' lang='lat'>»3</span> <span class='ocrx_word' id='word_1_116' title='bbox 1017 2497 1080 2568; x_wconf 93' lang='lat' dir='ltr'>Dei</span> <span class='ocrx_word' id='word_1_117' title='bbox 1105 2527 1120 2562; x_wconf 89' lang='lat'>«</span> <span class='ocrx_word' id='word_1_118' title='bbox 1154 2498 1345 2590; x_wconf 88' lang='lat' dir='ltr'>imaginem</span> <span class='ocrx_word' id='word_1_119' title='bbox 1369 2505 1403 2568; x_wconf 88' lang='lat' dir='ltr'>et</span> 
     </span>
     <span class='ocr_line' id='line_1_17' title="bbox 335 2621 1397 2716; baseline 0.003 -25"><span class='ocrx_word' id='word_1_120' title='bbox 335 2621 486 2714; x_wconf 86' lang='lat' dir='ltr'>gloriam</span> <span class='ocrx_word' id='word_1_121' title='bbox 509 2651 524 2683; x_wconf 74' lang='lat' dir='ltr'>n</span> <span class='ocrx_word' id='word_1_122' title='bbox 543 2644 619 2692; x_wconf 89' lang='lat' dir='ltr'>esse</span> <span class='ocrx_word' id='word_1_123' title='bbox 638 2621 766 2706; x_wconf 87' lang='lat' dir='ltr'>virum,</span> <span class='ocrx_word' id='word_1_124' title='bbox 795 2653 810 2686; x_wconf 76' lang='grc' dir='ltr'>α</span> <span class='ocrx_word' id='word_1_125' title='bbox 834 2622 939 2690; x_wconf 85' lang='lat' dir='ltr'>viri»</span> <span class='ocrx_word' id='word_1_126' title='bbox 963 2629 1079 2693; x_wconf 85' lang='lat' dir='ltr'>autem</span> <span class='ocrx_word' id='word_1_127' title='bbox 1103 2653 1119 2686; x_wconf 76' lang='grc' dir='ltr'>α</span> <span class='ocrx_word' id='word_1_128' title='bbox 1142 2622 1293 2713; x_wconf 89' lang='lat' dir='ltr'>gloriam</span> <span class='ocrx_word' id='word_1_129' title='bbox 1309 2623 1362 2716; x_wconf 79' lang='lat'>(2)</span> <span class='ocrx_word' id='word_1_130' title='bbox 1382 2651 1397 2686; x_wconf 87' lang='lat'>»</span> 
     </span>
     <span class='ocr_line' id='line_1_18' title="bbox 335 2746 1402 2840; baseline 0.001 -23"><span class='ocrx_word' id='word_1_131' title='bbox 335 2746 529 2818; x_wconf 90' lang='lat' dir='ltr'>mulierem.</span> <span class='ocrx_word' id='word_1_132' title='bbox 548 2746 615 2817; x_wconf 89' lang='lat' dir='ltr'>Sed</span> <span class='ocrx_word' id='word_1_133' title='bbox 630 2746 900 2839; x_wconf 87' lang='lat' dir='ltr'>qualescumque</span> <span class='ocrx_word' id='word_1_134' title='bbox 925 2748 1056 2818; x_wconf 88' lang='lat' dir='ltr'>fuerint</span> <span class='ocrx_word' id='word_1_135' title='bbox 1075 2772 1204 2831; x_wconf 85' lang='lat' dir='ltr'>causae,</span> <span class='ocrx_word' id='word_1_136' title='bbox 1227 2770 1289 2840; x_wconf 89' lang='lat' dir='ltr'>pro</span> <span class='ocrx_word' id='word_1_137' title='bbox 1309 2755 1402 2818; x_wconf 90' lang='lat' dir='ltr'>certo</span> 
     </span>
     <span class='ocr_line' id='line_1_19' title="bbox 336 2872 1402 2968; baseline 0.001 -26"><span class='ocrx_word' id='word_1_138' title='bbox 336 2872 534 2943; x_wconf 89' lang='lat' dir='ltr'>habendum</span> <span class='ocrx_word' id='word_1_139' title='bbox 562 2880 615 2943; x_wconf 89' lang='lat' dir='ltr'>est</span> <span class='ocrx_word' id='word_1_140' title='bbox 646 2896 819 2944; x_wconf 86' lang='lat' dir='ltr'>summam</span> <span class='ocrx_word' id='word_1_141' title='bbox 853 2874 977 2966; x_wconf 84' lang='lat' dir='ltr'>primae</span> <span class='ocrx_word' id='word_1_142' title='bbox 1013 2874 1208 2968; x_wconf 88' lang='lat' dir='ltr'>puellarum</span> <span class='ocrx_word' id='word_1_143' title='bbox 1242 2873 1402 2943; x_wconf 86' lang='lat' dir='ltr'>infantiae</span> 
     </span>
     <span class='ocr_line' id='line_1_20' title="bbox 336 2995 1403 3090; baseline 0.002 -26"><span class='ocrx_word' id='word_1_144' title='bbox 336 2995 645 3076; x_wconf 83' lang='lat' dir='ltr'>fuisseincuriam,</span> <span class='ocrx_word' id='word_1_145' title='bbox 668 3019 872 3088; x_wconf 90' lang='lat' dir='ltr'>summaque</span> <span class='ocrx_word' id='word_1_146' title='bbox 888 2997 1106 3090; x_wconf 86' lang='lat' dir='ltr'>negligentia</span> <span class='ocrx_word' id='word_1_147' title='bbox 1121 2997 1228 3067; x_wconf 79' lang='lat' dir='ltr'>fuisse</span> <span class='ocrx_word' id='word_1_148' title='bbox 1243 3004 1403 3090; x_wconf 89' lang='lat' dir='ltr'>parentes</span> 
     </span>
     <span class='ocr_line' id='line_1_21' title="bbox 338 3121 1401 3215; baseline -0.003 -23"><span class='ocrx_word' id='word_1_149' title='bbox 338 3121 396 3214; x_wconf 90' lang='lat' dir='ltr'>qui</span> <span class='ocrx_word' id='word_1_150' title='bbox 418 3122 627 3193; x_wconf 87' lang='lat' dir='ltr'>industriam</span> <span class='ocrx_word' id='word_1_151' title='bbox 655 3122 691 3191; x_wconf 97' lang='lat' dir='ltr'>in</span> <span class='ocrx_word' id='word_1_152' title='bbox 720 3122 818 3214; x_wconf 86' lang='lat' dir='ltr'>equis</span> <span class='ocrx_word' id='word_1_153' title='bbox 839 3130 899 3193; x_wconf 90' lang='lat' dir='ltr'>aut</span> <span class='ocrx_word' id='word_1_154' title='bbox 923 3123 1066 3193; x_wconf 85' lang='lat' dir='ltr'>canibus</span> <span class='ocrx_word' id='word_1_155' title='bbox 1093 3121 1227 3191; x_wconf 89' lang='lat' dir='ltr'>alendis</span> <span class='ocrx_word' id='word_1_156' title='bbox 1254 3121 1401 3215; x_wconf 87' lang='lat' dir='ltr'>spectari</span> 
     </span>
     <span class='ocr_line' id='line_1_22' title="bbox 338 3245 1403 3340; baseline 0 -24"><span class='ocrx_word' id='word_1_157' title='bbox 338 3248 513 3331; x_wconf 83' lang='lat' dir='ltr'>volebant,</span> <span class='ocrx_word' id='word_1_158' title='bbox 534 3248 807 3340; x_wconf 90' lang='lat' dir='ltr'>prudentemque</span> <span class='ocrx_word' id='word_1_159' title='bbox 832 3249 944 3318; x_wconf 90' lang='lat' dir='ltr'>virum</span> <span class='ocrx_word' id='word_1_160' title='bbox 967 3247 1009 3317; x_wconf 90' lang='lat' dir='ltr'>de</span> <span class='ocrx_word' id='word_1_161' title='bbox 1024 3247 1246 3319; x_wconf 89' lang='lat' dir='ltr'>conducendo</span> <span class='ocrx_word' id='word_1_162' title='bbox 1273 3277 1288 3312; x_wconf 70' lang='grc' dir='ltr'>ι(</span> <span class='ocrx_word' id='word_1_163' title='bbox 1312 3245 1403 3316; x_wconf 89' lang='lat' dir='ltr'>acci-</span> 
     </span>
    </p>
   </div>
   <div class='ocr_carea' id='block_1_3' title="bbox 334 3372 1402 4219">
    <p class='ocr_par' dir='ltr' id='par_1_3' title="bbox 336 3372 1402 3717">
     <span class='ocr_line' id='line_1_23' title="bbox 336 3372 1402 3469; baseline -0.001 -24"><span class='ocrx_word' id='word_1_164' title='bbox 336 3377 465 3469; x_wconf 88' lang='lat' dir='ltr'>pitrum</span> <span class='ocrx_word' id='word_1_165' title='bbox 483 3383 643 3447; x_wconf 88' lang='lat' dir='ltr'>curatore</span> <span class='ocrx_word' id='word_1_166' title='bbox 658 3404 673 3438; x_wconf 67' lang='lat'>1&gt;</span> <span class='ocrx_word' id='word_1_167' title='bbox 697 3375 936 3456; x_wconf 89' lang='lat' dir='ltr'>consulebant,</span> <span class='ocrx_word' id='word_1_168' title='bbox 955 3383 991 3444; x_wconf 89' lang='lat' dir='ltr'>at</span> <span class='ocrx_word' id='word_1_169' title='bbox 1002 3372 1129 3466; x_wconf 82' lang='lat' dir='ltr'>puellae</span> <span class='ocrx_word' id='word_1_170' title='bbox 1146 3374 1402 3445; x_wconf 88' lang='lat' dir='ltr'>institutionem</span> 
     </span>
     <span class='ocr_line' id='line_1_24' title="bbox 336 3499 1402 3591; baseline -0.002 -21"><span class='ocrx_word' id='word_1_171' title='bbox 336 3503 384 3572; x_wconf 91' lang='lat' dir='ltr'>ita</span> <span class='ocrx_word' id='word_1_172' title='bbox 421 3500 711 3584; x_wconf 86' lang='lat' dir='ltr'>floccifaciebant,</span> <span class='ocrx_word' id='word_1_173' title='bbox 753 3507 791 3572; x_wconf 87' lang='lat' dir='ltr'>ut</span> <span class='ocrx_word' id='word_1_174' title='bbox 825 3499 1041 3570; x_wconf 89' lang='lat' dir='ltr'>mulierculis</span> <span class='ocrx_word' id='word_1_175' title='bbox 1079 3521 1200 3570; x_wconf 86' lang='lat' dir='ltr'>aurem</span> <span class='ocrx_word' id='word_1_176' title='bbox 1241 3521 1402 3591; x_wconf 88' lang='lat' dir='ltr'>perverse</span> 
     </span>
     <span class='ocr_line' id='line_1_25' title="bbox 337 3626 544 3717; baseline -0.005 -22"><span class='ocrx_word' id='word_1_177' title='bbox 337 3626 544 3717; x_wconf 90' lang='lat' dir='ltr'>praeberent.</span> 
     </span>
    </p>

    <p class='ocr_par' dir='ltr' id='par_1_4' title="bbox 334 3747 1402 4219">
     <span class='ocr_line' id='line_1_26' title="bbox 383 3747 1402 3841; baseline -0.004 -21"><span class='ocrx_word' id='word_1_178' title='bbox 383 3752 404 3820; x_wconf 82' lang='lat' dir='ltr'>J</span> <span class='ocrx_word' id='word_1_179' title='bbox 407 3774 463 3820; x_wconf 90' lang='lat' dir='ltr'>am</span> <span class='ocrx_word' id='word_1_180' title='bbox 478 3751 544 3820; x_wconf 88' lang='lat' dir='ltr'>hoo</span> <span class='ocrx_word' id='word_1_181' title='bbox 555 3750 740 3841; x_wconf 90' lang='lat' dir='ltr'>insiguiter</span> <span class='ocrx_word' id='word_1_182' title='bbox 749 3749 939 3819; x_wconf 88' lang='lat' dir='ltr'>absurdum</span> <span class='ocrx_word' id='word_1_183' title='bbox 949 3758 1024 3819; x_wconf 86' lang='lat' dir='ltr'>erat</span> <span class='ocrx_word' id='word_1_184' title='bbox 1041 3747 1229 3840; x_wconf 89' lang='lat' dir='ltr'>vigilanter</span> <span class='ocrx_word' id='word_1_185' title='bbox 1243 3753 1402 3840; x_wconf 87' lang='lat' dir='ltr'>parentes</span> 
     </span>
     <span class='ocr_line' id='line_1_27' title="bbox 334 3872 1402 3971; baseline -0.005 -24"><span class='ocrx_word' id='word_1_186' title='bbox 334 3877 517 3971; x_wconf 90' lang='lat' dir='ltr'>providere</span> <span class='ocrx_word' id='word_1_187' title='bbox 533 3899 575 3947; x_wconf 90' lang='lat' dir='ltr'>ne</span> <span class='ocrx_word' id='word_1_188' title='bbox 590 3875 644 3946; x_wconf 92' lang='lat' dir='ltr'>vel</span> <span class='ocrx_word' id='word_1_189' title='bbox 659 3877 703 3946; x_wconf 88' lang='lat' dir='ltr'>ad</span> <span class='ocrx_word' id='word_1_190' title='bbox 719 3875 916 3946; x_wconf 88' lang='lat' dir='ltr'>venandum</span> <span class='ocrx_word' id='word_1_191' title='bbox 931 3875 1041 3957; x_wconf 88' lang='lat' dir='ltr'>canis,</span> <span class='ocrx_word' id='word_1_192' title='bbox 1059 3872 1113 3944; x_wconf 91' lang='lat' dir='ltr'>vel</span> <span class='ocrx_word' id='word_1_193' title='bbox 1134 3875 1179 3944; x_wconf 91' lang='lat' dir='ltr'>ad</span> <span class='ocrx_word' id='word_1_194' title='bbox 1194 3873 1402 3944; x_wconf 88' lang='lat' dir='ltr'>currendum</span> 
     </span>
     <span class='ocr_line' id='line_1_28' title="bbox 334 4000 1402 4096; baseline -0.004 -22"><span class='ocrx_word' id='word_1_195' title='bbox 334 4026 442 4096; x_wconf 87' lang='lat' dir='ltr'>equus</span> <span class='ocrx_word' id='word_1_196' title='bbox 463 4025 586 4095; x_wconf 91' lang='lat' dir='ltr'>parum</span> <span class='ocrx_word' id='word_1_197' title='bbox 616 4008 717 4094; x_wconf 86' lang='lat' dir='ltr'>aptus</span> <span class='ocrx_word' id='word_1_198' title='bbox 740 4007 851 4091; x_wconf 82' lang='lat' dir='ltr'>esset3</span> <span class='ocrx_word' id='word_1_199' title='bbox 876 4001 985 4071; x_wconf 85' lang='lat' dir='ltr'>liliam</span> <span class='ocrx_word' id='word_1_200' title='bbox 1004 4023 1086 4071; x_wconf 86' lang='lat' dir='ltr'>vero</span> <span class='ocrx_word' id='word_1_201' title='bbox 1101 4000 1304 4085; x_wconf 82' lang='lat' dir='ltr'>informare,</span> <span class='ocrx_word' id='word_1_202' title='bbox 1324 4023 1402 4092; x_wconf 90' lang='lat' dir='ltr'>quae</span> 
     </span>
     <span class='ocr_line' id='line_1_29' title="bbox 336 4126 1398 4219; baseline 0 -23"><span class='ocrx_word' id='word_1_203' title='bbox 336 4149 500 4219; x_wconf 90' lang='lat' dir='ltr'>magnam</span> <span class='ocrx_word' id='word_1_204' title='bbox 524 4127 793 4198; x_wconf 86' lang='lat' dir='ltr'>domesticarum</span> <span class='ocrx_word' id='word_1_205' title='bbox 814 4149 930 4196; x_wconf 91' lang='lat' dir='ltr'>rerum</span> <span class='ocrx_word' id='word_1_206' title='bbox 945 4134 1080 4219; x_wconf 86' lang='lat' dir='ltr'>partem</span> <span class='ocrx_word' id='word_1_207' title='bbox 1102 4126 1138 4196; x_wconf 95' lang='lat' dir='ltr'>in</span> <span class='ocrx_word' id='word_1_208' title='bbox 1160 4149 1196 4196; x_wconf 89' lang='lat' dir='ltr'>se</span> <span class='ocrx_word' id='word_1_209' title='bbox 1212 4126 1398 4210; x_wconf 86' lang='lat' dir='ltr'>derivaret,</span> 
     </span>
    </p>
   </div>
   <div class='ocr_carea' id='block_1_4' title="bbox 365 4340 1334 4586">
    <p class='ocr_par' dir='ltr' id='par_1_5' title="bbox 365 4340 1334 4586">
     <span class='ocr_line' id='line_1_30' title="bbox 365 4340 1334 4407; baseline -0.005 -14"><span class='ocrx_word' id='word_1_210' title='bbox 365 4345 398 4407; x_wconf 78' lang='lat'>(1)</span> <span class='ocrx_word' id='word_1_211' title='bbox 413 4343 519 4393; x_wconf 85' lang='lat' dir='ltr'>Erasm.</span> <span class='ocrx_word' id='word_1_212' title='bbox 531 4345 572 4392; x_wconf 88' lang='lat' dir='ltr'>De</span> <span class='ocrx_word' id='word_1_213' title='bbox 587 4346 688 4405; x_wconf 82' lang='lat' dir='ltr'>pueris</span> <span class='ocrx_word' id='word_1_214' title='bbox 703 4345 801 4392; x_wconf 78' lang='lat' dir='ltr'>statim</span> <span class='ocrx_word' id='word_1_215' title='bbox 813 4357 845 4391; x_wconf 86' lang='lat' dir='ltr'>ac</span> <span class='ocrx_word' id='word_1_216' title='bbox 860 4342 1019 4390; x_wconf 80' lang='lat' dir='ltr'>liberaliter</span> <span class='ocrx_word' id='word_1_217' title='bbox 1031 4341 1137 4401; x_wconf 64' lang='lat' dir='ltr'>instit,</span> <span class='ocrx_word' id='word_1_218' title='bbox 1153 4341 1184 4389; x_wconf 90' lang='lat' dir='ltr'>T.</span> <span class='ocrx_word' id='word_1_219' title='bbox 1203 4341 1226 4389; x_wconf 90' lang='lat'>1.</span> <span class='ocrx_word' id='word_1_220' title='bbox 1243 4355 1268 4404; x_wconf 92' lang='lat' dir='ltr'>p.</span> <span class='ocrx_word' id='word_1_221' title='bbox 1279 4340 1334 4390; x_wconf 78' lang='lat'>423.</span> 
     </span>
     <span class='ocr_line' id='line_1_31' title="bbox 366 4434 703 4497; baseline -0.003 -15"><span class='ocrx_word' id='word_1_222' title='bbox 366 4434 401 4497; x_wconf 75' lang='lat'>(2)</span> <span class='ocrx_word' id='word_1_223' title='bbox 418 4434 525 4486; x_wconf 84' lang='lat' dir='ltr'>Erasm.</span> <span class='ocrx_word' id='word_1_224' title='bbox 544 4434 703 4495; x_wconf 75' lang='lat' dir='ltr'>colloquia.</span> 
     </span>
     <span class='ocr_line' id='line_1_32' title="bbox 398 4522 761 4586; baseline -0.006 -14"><span class='ocrx_word' id='word_1_225' title='bbox 398 4525 558 4585; x_wconf 81' lang='lat' dir='ltr'>Puerpero,</span> <span class='ocrx_word' id='word_1_226' title='bbox 576 4523 605 4571; x_wconf 93' lang='lat' dir='ltr'>T.</span> <span class='ocrx_word' id='word_1_227' title='bbox 625 4523 647 4571; x_wconf 93' lang='grc' dir='ltr'>Ι.</span> <span class='ocrx_word' id='word_1_228' title='bbox 663 4537 689 4586; x_wconf 89' lang='lat' dir='ltr'>p.</span> <span class='ocrx_word' id='word_1_229' title='bbox 707 4522 761 4571; x_wconf 80' lang='grc'>649.</span> 
     </span>
    </p>
   </div>
   <div class='ocr_carea' id='block_1_5' title="bbox 0 0 1724 5404">
    <p class='ocr_par' dir='ltr' id='par_1_6' title="bbox 0 0 1724 5404">
     <span class='ocr_line' id='line_1_33' title="bbox 0 0 1724 5404; baseline 0 0"><span class='ocrx_word' id='word_1_230' title='bbox 0 0 1724 5404; x_wconf 95' lang='lat' dir='ltr'> </span> 
     </span>
    </p>
   </div>
  </div>
 </body>
</html>
