<?xml version="1.0" encoding="UTF-8"?>
<!DOCTYPE html PUBLIC "-//W3C//DTD XHTML 1.0 Transitional//EN"
    "http://www.w3.org/TR/xhtml1/DTD/xhtml1-transitional.dtd">
<html xmlns="http://www.w3.org/1999/xhtml" xml:lang="en" lang="en">
 <head>
  <title>
</title>
<meta http-equiv="Content-Type" content="text/html;charset=utf-8" />
  <meta name='ocr-system' content='tesseract 3.04.00' />
  <meta name='ocr-capabilities' content='ocr_page ocr_carea ocr_par ocr_line ocrx_word'/>
</head>
<body>
  <div class='ocr_page' id='page_1' title='image "./quiddepuellisin00thibgoog_0096.png"; bbox 0 0 3436 5404; ppageno 0'>
   <div class='ocr_carea' id='block_1_1' title="bbox 354 1687 1374 2051">
    <p class='ocr_par' dir='ltr' id='par_1_1' title="bbox 354 1687 1374 2051">
     <span class='ocr_line' id='line_1_1' title="bbox 428 1687 1300 1786; baseline 0 -24"><span class='ocrx_word' id='word_1_1' title='bbox 428 1688 550 1763; x_wconf 89' lang='lat' dir='ltr'><strong>Vivis</strong></span> <span class='ocrx_word' id='word_1_2' title='bbox 571 1688 831 1786; x_wconf 88' lang='lat' dir='ltr'><strong>comparatio</strong></span> <span class='ocrx_word' id='word_1_3' title='bbox 853 1712 951 1764; x_wconf 92' lang='lat' dir='ltr'><strong>cum</strong></span> <span class='ocrx_word' id='word_1_4' title='bbox 974 1688 1185 1765; x_wconf 89' lang='lat' dir='ltr'><strong>nonnullis</strong></span> <span class='ocrx_word' id='word_1_5' title='bbox 1208 1687 1300 1762; x_wconf 89' lang='lat' dir='ltr'><strong>aliis</strong></span> 
     </span>
     <span class='ocr_line' id='line_1_2' title="bbox 354 1829 1374 1929; baseline -0.002 -23"><span class='ocrx_word' id='word_1_6' title='bbox 354 1829 629 1928; x_wconf 84' lang='lat' dir='ltr'>scriptoribus</span> <span class='ocrx_word' id='word_1_7' title='bbox 654 1831 723 1928; x_wconf 91' lang='lat' dir='ltr'><strong>qui</strong></span> <span class='ocrx_word' id='word_1_8' title='bbox 763 1832 814 1908; x_wconf 88' lang='lat' dir='ltr'><strong>de</strong></span> <span class='ocrx_word' id='word_1_9' title='bbox 847 1832 1082 1929; x_wconf 86' lang='lat' dir='ltr'><strong>puellarum</strong></span> <span class='ocrx_word' id='word_1_10' title='bbox 1111 1829 1374 1909; x_wconf 86' lang='lat' dir='ltr'><strong>institutione</strong></span> 
     </span>
     <span class='ocr_line' id='line_1_3' title="bbox 716 1975 1007 2051; baseline 0.007 -2"><span class='ocrx_word' id='word_1_11' title='bbox 716 1975 1007 2051; x_wconf 86' lang='lat' dir='ltr'><strong>disseruerunt</strong></span> 
     </span>
    </p>
   </div>
   <div class='ocr_carea' id='block_1_2' title="bbox 297 2287 1401 4514">
    <p class='ocr_par' dir='ltr' id='par_1_2' title="bbox 327 2287 1401 3112">
     <span class='ocr_line' id='line_1_4' title="bbox 379 2287 1399 2376; baseline 0.001 -17"><span class='ocrx_word' id='word_1_12' title='bbox 379 2288 470 2367; x_wconf 89' lang='lat' dir='ltr'><strong>Quid</strong></span> <span class='ocrx_word' id='word_1_13' title='bbox 501 2289 543 2360; x_wconf 91' lang='lat' dir='ltr'><strong>de</strong></span> <span class='ocrx_word' id='word_1_14' title='bbox 571 2287 822 2361; x_wconf 76' lang='lat' dir='ltr'><strong>Institutione</strong></span> <span class='ocrx_word' id='word_1_15' title='bbox 851 2288 1028 2376; x_wconf 78' lang='lat' dir='ltr'><strong>soernince</strong></span> <span class='ocrx_word' id='word_1_16' title='bbox 1057 2287 1285 2360; x_wconf 67' lang='lat' dir='ltr'><strong>christianes</strong></span> <span class='ocrx_word' id='word_1_17' title='bbox 1322 2311 1399 2360; x_wconf 90' lang='lat' dir='ltr'><strong>sen-</strong></span> 
     </span>
     <span class='ocr_line' id='line_1_5' title="bbox 330 2411 1396 2498; baseline 0.002 -14"><span class='ocrx_word' id='word_1_18' title='bbox 330 2413 487 2486; x_wconf 91' lang='lat' dir='ltr'><strong>tiendum</strong></span> <span class='ocrx_word' id='word_1_19' title='bbox 530 2422 632 2498; x_wconf 90' lang='lat' dir='ltr'><strong>esset,</strong></span> <span class='ocrx_word' id='word_1_20' title='bbox 679 2413 764 2484; x_wconf 87' lang='lat' dir='ltr'><strong>satis</strong></span> <span class='ocrx_word' id='word_1_21' title='bbox 805 2411 1038 2496; x_wconf 83' lang='lat' dir='ltr'><strong>abundanter,</strong></span> <span class='ocrx_word' id='word_1_22' title='bbox 1082 2419 1122 2484; x_wconf 87' lang='lat' dir='ltr'><strong>ut</strong></span> <span class='ocrx_word' id='word_1_23' title='bbox 1167 2412 1396 2498; x_wconf 84' lang='lat' dir='ltr'><strong>arbitramur,</strong></span> 
     </span>
     <span class='ocr_line' id='line_1_6' title="bbox 329 2537 1400 2634; baseline 0 -22"><span class='ocrx_word' id='word_1_24' title='bbox 329 2539 573 2634; x_wconf 83' lang='lat' dir='ltr'><strong>explicuimus.</strong></span> <span class='ocrx_word' id='word_1_25' title='bbox 598 2538 687 2611; x_wconf 82' lang='lat' dir='ltr'><strong>illud</strong></span> <span class='ocrx_word' id='word_1_26' title='bbox 703 2539 813 2632; x_wconf 88' lang='lat' dir='ltr'><strong>igitur</strong></span> <span class='ocrx_word' id='word_1_27' title='bbox 831 2539 908 2631; x_wconf 87' lang='lat' dir='ltr'><strong>ejus</strong></span> <span class='ocrx_word' id='word_1_28' title='bbox 927 2537 1188 2631; x_wconf 87' lang='lat' dir='ltr'><strong>disceptationis</strong></span> <span class='ocrx_word' id='word_1_29' title='bbox 1198 2537 1264 2610; x_wconf 90' lang='lat' dir='ltr'><strong>erit</strong></span> <span class='ocrx_word' id='word_1_30' title='bbox 1278 2546 1400 2612; x_wconf 85' lang='lat' dir='ltr'><strong>extre-</strong></span> 
     </span>
     <span class='ocr_line' id='line_1_7' title="bbox 328 2661 1401 2755; baseline -0.001 -21"><span class='ocrx_word' id='word_1_31' title='bbox 328 2685 437 2748; x_wconf 87' lang='lat' dir='ltr'><strong>mum,</strong></span> <span class='ocrx_word' id='word_1_32' title='bbox 466 2663 678 2734; x_wconf 88' lang='lat' dir='ltr'><strong>utbreviter</strong></span> <span class='ocrx_word' id='word_1_33' title='bbox 711 2661 932 2755; x_wconf 84' lang='lat' dir='ltr'><strong>exploremus</strong></span> <span class='ocrx_word' id='word_1_34' title='bbox 962 2684 1040 2754; x_wconf 81' lang='lat' dir='ltr'><strong>quae</strong></span> <span class='ocrx_word' id='word_1_35' title='bbox 1063 2667 1125 2732; x_wconf 85' lang='lat' dir='ltr'><strong>aut</strong></span> <span class='ocrx_word' id='word_1_36' title='bbox 1152 2661 1306 2747; x_wconf 91' lang='lat' dir='ltr'><strong>omnino,</strong></span> <span class='ocrx_word' id='word_1_37' title='bbox 1338 2669 1401 2734; x_wconf 86' lang='lat' dir='ltr'><strong>aut</strong></span> 
     </span>
     <span class='ocr_line' id='line_1_8' title="bbox 328 2787 1399 2884; baseline 0.001 -25"><span class='ocrx_word' id='word_1_38' title='bbox 328 2789 447 2881; x_wconf 87' lang='lat' dir='ltr'><strong>aliqua</strong></span> <span class='ocrx_word' id='word_1_39' title='bbox 475 2812 518 2860; x_wconf 87' lang='lat' dir='ltr'><strong>ex</strong></span> <span class='ocrx_word' id='word_1_40' title='bbox 552 2797 664 2881; x_wconf 87' lang='lat' dir='ltr'><strong>parte,</strong></span> <span class='ocrx_word' id='word_1_41' title='bbox 700 2788 783 2858; x_wconf 86' lang='lat' dir='ltr'><strong>Vivi</strong></span> <span class='ocrx_word' id='word_1_42' title='bbox 819 2789 1019 2860; x_wconf 87' lang='lat' dir='ltr'><strong>communia</strong></span> <span class='ocrx_word' id='word_1_43' title='bbox 1041 2788 1119 2858; x_wconf 90' lang='lat' dir='ltr'><strong>sint</strong></span> <span class='ocrx_word' id='word_1_44' title='bbox 1154 2787 1399 2884; x_wconf 91' lang='lat' dir='ltr'><strong>nonnullisque</strong></span> 
     </span>
     <span class='ocr_line' id='line_1_9' title="bbox 327 2912 1400 3008; baseline 0.002 -23"><span class='ocrx_word' id='word_1_45' title='bbox 327 2914 407 2986; x_wconf 87' lang='lat' dir='ltr'><strong>aliis</strong></span> <span class='ocrx_word' id='word_1_46' title='bbox 424 2914 483 3007; x_wconf 88' lang='lat' dir='ltr'><strong>qui</strong></span> <span class='ocrx_word' id='word_1_47' title='bbox 512 2914 554 2986; x_wconf 93' lang='lat' dir='ltr'><strong>de</strong></span> <span class='ocrx_word' id='word_1_48' title='bbox 584 2912 709 3007; x_wconf 89' lang='lat' dir='ltr'><strong>puellis</strong></span> <span class='ocrx_word' id='word_1_49' title='bbox 738 2913 939 2987; x_wconf 87' lang='lat' dir='ltr'><strong>erudiendis</strong></span> <span class='ocrx_word' id='word_1_50' title='bbox 965 2915 1009 2984; x_wconf 92' lang='lat' dir='ltr'><strong>ab</strong></span> <span class='ocrx_word' id='word_1_51' title='bbox 1033 2912 1095 2985; x_wconf 91' lang='lat' dir='ltr'><strong>illo</strong></span> <span class='ocrx_word' id='word_1_52' title='bbox 1111 2920 1263 3008; x_wconf 87' lang='lat' dir='ltr'><strong>tempore</strong></span> <span class='ocrx_word' id='word_1_53' title='bbox 1294 2914 1400 2987; x_wconf 84' lang='lat' dir='ltr'><strong>disse·</strong></span> 
     </span>
     <span class='ocr_line' id='line_1_10' title="bbox 328 3029 731 3112; baseline -0.015 -1"><span class='ocrx_word' id='word_1_54' title='bbox 328 3043 486 3112; x_wconf 83' lang='lat' dir='ltr'><strong>ruerunt.</strong></span> <span class='ocrx_word' id='word_1_55' title='bbox 726 3029 731 3040; x_wconf 81' lang='grc'><strong>’</strong></span> 
     </span>
    </p>

    <p class='ocr_par' dir='ltr' id='par_1_3' title="bbox 297 3164 1398 4514">
     <span class='ocr_line' id='line_1_11' title="bbox 377 3164 1395 3259; baseline 0 -22"><span class='ocrx_word' id='word_1_56' title='bbox 377 3166 535 3238; x_wconf 89' lang='lat' dir='ltr'><strong>Primum</strong></span> <span class='ocrx_word' id='word_1_57' title='bbox 556 3167 740 3250; x_wconf 86' lang='lat' dir='ltr'><strong>Erasmus,</strong></span> <span class='ocrx_word' id='word_1_58' title='bbox 763 3165 923 3258; x_wconf 87' lang='lat' dir='ltr'><strong>quamvis</strong></span> <span class='ocrx_word' id='word_1_59' title='bbox 934 3164 1038 3259; x_wconf 91' lang='lat' dir='ltr'><strong>paulo</strong></span> <span class='ocrx_word' id='word_1_60' title='bbox 1051 3166 1269 3237; x_wconf 80' lang='lat' dir='ltr'><strong>antecederet</strong></span> <span class='ocrx_word' id='word_1_61' title='bbox 1278 3173 1395 3250; x_wconf 82' lang='lat' dir='ltr'><strong>aetate,</strong></span> 
     </span>
     <span class='ocr_line' id='line_1_12' title="bbox 327 3289 1398 3383; baseline 0 -21"><span class='ocrx_word' id='word_1_62' title='bbox 327 3300 444 3363; x_wconf 89' lang='lat' dir='ltr'><strong>tamen</strong></span> <span class='ocrx_word' id='word_1_63' title='bbox 471 3291 596 3362; x_wconf 87' lang='lat' dir='ltr'><strong>Vivem</strong></span> <span class='ocrx_word' id='word_1_64' title='bbox 616 3298 698 3363; x_wconf 86' lang='lat' dir='ltr'><strong>ante</strong></span> <span class='ocrx_word' id='word_1_65' title='bbox 721 3289 809 3362; x_wconf 85' lang='lat' dir='ltr'><strong>alios</strong></span> <span class='ocrx_word' id='word_1_66' title='bbox 829 3312 949 3362; x_wconf 90' lang='lat' dir='ltr'><strong>omues</strong></span> <span class='ocrx_word' id='word_1_67' title='bbox 973 3313 1081 3383; x_wconf 91' lang='lat' dir='ltr'><strong>quum</strong></span> <span class='ocrx_word' id='word_1_68' title='bbox 1106 3291 1300 3373; x_wconf 89' lang='lat' dir='ltr'><strong>sententiis,</strong></span> <span class='ocrx_word' id='word_1_69' title='bbox 1323 3299 1398 3363; x_wconf 92' lang='lat' dir='ltr'><strong>tum</strong></span> 
     </span>
     <span class='ocr_line' id='line_1_13' title="bbox 321 3415 1396 3510; baseline -0.007 -16"><span class='ocrx_word' id='word_1_70' title='bbox 321 3417 443 3494; x_wconf 46' lang='lat' dir='ltr'><strong>,verbis</strong></span> <span class='ocrx_word' id='word_1_71' title='bbox 482 3417 566 3510; x_wconf 90' lang='lat' dir='ltr'><strong>ipsis</strong></span> <span class='ocrx_word' id='word_1_72' title='bbox 598 3424 803 3510; x_wconf 85' lang='lat' dir='ltr'><strong>prosecutus</strong></span> <span class='ocrx_word' id='word_1_73' title='bbox 836 3422 940 3508; x_wconf 88' lang='lat' dir='ltr'><strong>atque</strong></span> <span class='ocrx_word' id='word_1_74' title='bbox 974 3415 1130 3487; x_wconf 85' lang='lat' dir='ltr'><strong>imitatus</strong></span> <span class='ocrx_word' id='word_1_75' title='bbox 1153 3426 1217 3487; x_wconf 85' lang='lat' dir='ltr'><strong>est.</strong></span> <span class='ocrx_word' id='word_1_76' title='bbox 1258 3416 1396 3487; x_wconf 88' lang='lat' dir='ltr'><strong>Etenim</strong></span> 
     </span>
     <span class='ocr_line' id='line_1_14' title="bbox 327 3540 1394 3634; baseline 0.001 -22"><span class='ocrx_word' id='word_1_77' title='bbox 327 3540 532 3614; x_wconf 89' lang='lat' dir='ltr'><strong>incredibile</strong></span> <span class='ocrx_word' id='word_1_78' title='bbox 568 3549 620 3613; x_wconf 89' lang='lat' dir='ltr'><strong>est</strong></span> <span class='ocrx_word' id='word_1_79' title='bbox 663 3564 768 3634; x_wconf 89' lang='lat' dir='ltr'><strong>quarn</strong></span> <span class='ocrx_word' id='word_1_80' title='bbox 812 3540 924 3612; x_wconf 89' lang='lat' dir='ltr'><strong>multa</strong></span> <span class='ocrx_word' id='word_1_81' title='bbox 962 3541 1008 3612; x_wconf 90' lang='lat' dir='ltr'><strong>sit</strong></span> <span class='ocrx_word' id='word_1_82' title='bbox 1040 3541 1083 3611; x_wconf 89' lang='lat' dir='ltr'><strong>ab</strong></span> <span class='ocrx_word' id='word_1_83' title='bbox 1117 3564 1156 3612; x_wconf 88' lang='lat' dir='ltr'><strong>eo</strong></span> <span class='ocrx_word' id='word_1_84' title='bbox 1201 3547 1394 3626; x_wconf 88' lang='lat' dir='ltr'><strong>mutuatus,</strong></span> 
     </span>
     <span class='ocr_line' id='line_1_15' title="bbox 327 3667 1398 3762; baseline 0.001 -24"><span class='ocrx_word' id='word_1_85' title='bbox 327 3690 599 3762; x_wconf 82' lang='lat' dir='ltr'><strong>quamquenou</strong></span> <span class='ocrx_word' id='word_1_86' title='bbox 623 3667 730 3740; x_wconf 88' lang='lat' dir='ltr'><strong>semel</strong></span> <span class='ocrx_word' id='word_1_87' title='bbox 753 3691 795 3739; x_wconf 91' lang='lat' dir='ltr'><strong>ea</strong></span> <span class='ocrx_word' id='word_1_88' title='bbox 821 3691 900 3760; x_wconf 83' lang='lat' dir='ltr'><strong>quae</strong></span> <span class='ocrx_word' id='word_1_89' title='bbox 928 3690 992 3740; x_wconf 91' lang='lat' dir='ltr'><strong>suo</strong></span> <span class='ocrx_word' id='word_1_90' title='bbox 1020 3667 1179 3738; x_wconf 82' lang='lat' dir='ltr'><strong>instituto</strong></span> <span class='ocrx_word' id='word_1_91' title='bbox 1210 3667 1398 3739; x_wconf 87' lang='lat' dir='ltr'><strong>convenire</strong></span> 
     </span>
     <span class='ocr_line' id='line_1_16' title="bbox 329 3792 1398 3886; baseline 0.002 -23"><span class='ocrx_word' id='word_1_92' title='bbox 329 3794 530 3865; x_wconf 88' lang='lat' dir='ltr'><strong>viderentur</strong></span> <span class='ocrx_word' id='word_1_93' title='bbox 545 3792 763 3865; x_wconf 88' lang='lat' dir='ltr'><strong>transtulerit</strong></span> <span class='ocrx_word' id='word_1_94' title='bbox 783 3793 820 3863; x_wconf 93' lang='lat' dir='ltr'><strong>in</strong></span> <span class='ocrx_word' id='word_1_95' title='bbox 840 3792 903 3863; x_wconf 91' lang='lat' dir='ltr'><strong>illa</strong></span> <span class='ocrx_word' id='word_1_96' title='bbox 922 3815 1028 3886; x_wconf 87' lang='lat' dir='ltr'><strong>opera</strong></span> <span class='ocrx_word' id='word_1_97' title='bbox 1043 3792 1170 3886; x_wconf 90' lang='lat' dir='ltr'><strong>quibus</strong></span> <span class='ocrx_word' id='word_1_98' title='bbox 1190 3794 1246 3864; x_wconf 87' lang='lat' dir='ltr'><strong>De</strong></span> <span class='ocrx_word' id='word_1_99' title='bbox 1262 3795 1398 3884; x_wconf 83' lang='lat' dir='ltr'><strong>pueris</strong></span> 
     </span>
     <span class='ocr_line' id='line_1_17' title="bbox 326 3919 1398 3995; baseline -0.003 -3"><span class='ocrx_word' id='word_1_100' title='bbox 326 3920 463 3992; x_wconf 78' lang='lat' dir='ltr'><strong>statiua</strong></span> <span class='ocrx_word' id='word_1_101' title='bbox 507 3941 554 3989; x_wconf 86' lang='lat' dir='ltr'><strong>ac</strong></span> <span class='ocrx_word' id='word_1_102' title='bbox 588 3919 800 3991; x_wconf 80' lang='lat' dir='ltr'><strong>liberaliter</strong></span> <span class='ocrx_word' id='word_1_103' title='bbox 834 3919 1083 3990; x_wconf 82' lang='lat' dir='ltr'><strong>instituendis</strong></span> <span class='ocrx_word' id='word_1_104' title='bbox 1115 3925 1149 3990; x_wconf 89' lang='lat' dir='ltr'><strong>et</strong></span> <span class='ocrx_word' id='word_1_105' title='bbox 1180 3919 1398 3995; x_wconf 76' lang='lat' dir='ltr'><strong>Christiani</strong></span> 
     </span>
     <span class='ocr_line' id='line_1_18' title="bbox 327 4044 1397 4136; baseline -0.005 -19"><span class='ocrx_word' id='word_1_106' title='bbox 327 4045 573 4133; x_wconf 78' lang='lat' dir='ltr'><strong>matrimonii</strong></span> <span class='ocrx_word' id='word_1_107' title='bbox 598 4045 798 4115; x_wconf 83' lang='lat' dir='ltr'><strong>Institutio</strong></span> <span class='ocrx_word' id='word_1_108' title='bbox 819 4044 871 4135; x_wconf 87' lang='lat' dir='ltr'><strong>(l)</strong></span> <span class='ocrx_word' id='word_1_109' title='bbox 907 4065 1032 4114; x_wconf 87' lang='lat' dir='ltr'><strong>nomen</strong></span> <span class='ocrx_word' id='word_1_110' title='bbox 1051 4051 1115 4114; x_wconf 88' lang='lat' dir='ltr'><strong>est.</strong></span> <span class='ocrx_word' id='word_1_111' title='bbox 1137 4044 1312 4136; x_wconf 88' lang='lat' dir='ltr'><strong>Namque,</strong></span> <span class='ocrx_word' id='word_1_112' title='bbox 1335 4066 1397 4114; x_wconf 87' lang='lat' dir='ltr'><strong>nee</strong></span> 
     </span>
     <span class='ocr_line' id='line_1_19' title="bbox 327 4167 1397 4264; baseline -0.001 -23"><span class='ocrx_word' id='word_1_113' title='bbox 327 4194 413 4243; x_wconf 85' lang='lat' dir='ltr'><strong>sane</strong></span> <span class='ocrx_word' id='word_1_114' title='bbox 441 4170 604 4240; x_wconf 87' lang='lat' dir='ltr'><strong>timemus</strong></span> <span class='ocrx_word' id='word_1_115' title='bbox 625 4193 667 4239; x_wconf 92' lang='lat' dir='ltr'><strong>ne</strong></span> <span class='ocrx_word' id='word_1_116' title='bbox 687 4169 789 4238; x_wconf 85' lang='lat' dir='ltr'><strong>Vivis</strong></span> <span class='ocrx_word' id='word_1_117' title='bbox 814 4167 963 4260; x_wconf 81' lang='lat' dir='ltr'><strong>gloriam</strong></span> <span class='ocrx_word' id='word_1_118' title='bbox 980 4191 1111 4264; x_wconf 83' lang='lat' dir='ltr'><strong>angere</strong></span> <span class='ocrx_word' id='word_1_119' title='bbox 1130 4169 1281 4262; x_wconf 89' lang='lat' dir='ltr'><strong>quodam</strong></span> <span class='ocrx_word' id='word_1_120' title='bbox 1295 4169 1397 4240; x_wconf 88' lang='lat' dir='ltr'><strong>modo</strong></span> 
     </span>
     <span class='ocr_line' id='line_1_20' title="bbox 327 4293 1398 4388; baseline -0.001 -23"><span class='ocrx_word' id='word_1_121' title='bbox 327 4297 521 4378; x_wconf 84' lang='lat' dir='ltr'><strong>videamur,</strong></span> <span class='ocrx_word' id='word_1_122' title='bbox 553 4294 719 4387; x_wconf 88' lang='lat' dir='ltr'><strong>quidquid</strong></span> <span class='ocrx_word' id='word_1_123' title='bbox 746 4295 921 4364; x_wconf 85' lang='lat' dir='ltr'><strong>notatione</strong></span> <span class='ocrx_word' id='word_1_124' title='bbox 948 4303 981 4364; x_wconf 91' lang='lat' dir='ltr'><strong>et</strong></span> <span class='ocrx_word' id='word_1_125' title='bbox 1005 4294 1109 4366; x_wconf 88' lang='lat' dir='ltr'><strong>laude</strong></span> <span class='ocrx_word' id='word_1_126' title='bbox 1137 4295 1284 4387; x_wconf 79' lang='lat' dir='ltr'><strong>dignum</strong></span> <span class='ocrx_word' id='word_1_127' title='bbox 1302 4293 1398 4388; x_wconf 88' lang='lat' dir='ltr'><strong>judi·</strong></span> 
     </span>
     <span class='ocr_line' id='line_1_21' title="bbox 297 4418 1397 4514; baseline -0.003 -23"><span class='ocrx_word' id='word_1_128' title='bbox 297 4429 300 4436; x_wconf 90' lang='lat'>&#39;</span> <span class='ocrx_word' id='word_1_129' title='bbox 327 4422 430 4491; x_wconf 77' lang='lat' dir='ltr'><strong>rabat</strong></span> <span class='ocrx_word' id='word_1_130' title='bbox 448 4420 538 4514; x_wconf 87' lang='lat' dir='ltr'><strong>apud</strong></span> <span class='ocrx_word' id='word_1_131' title='bbox 559 4427 730 4503; x_wconf 90' lang='lat' dir='ltr'><strong>nostrum,</strong></span> <span class='ocrx_word' id='word_1_132' title='bbox 755 4419 831 4512; x_wconf 87' lang='lat' dir='ltr'><strong>apis</strong></span> <span class='ocrx_word' id='word_1_133' title='bbox 846 4418 943 4490; x_wconf 87' lang='lat' dir='ltr'><strong>illius</strong></span> <span class='ocrx_word' id='word_1_134' title='bbox 968 4441 1075 4501; x_wconf 86' lang='lat' dir='ltr'><strong>more,</strong></span> <span class='ocrx_word' id='word_1_135' title='bbox 1101 4419 1275 4511; x_wconf 89' lang='lat' dir='ltr'><strong>decerpsit</strong></span> <span class='ocrx_word' id='word_1_136' title='bbox 1293 4426 1397 4510; x_wconf 88' lang='lat' dir='ltr'><strong>atque</strong></span> 
     </span>
    </p>
   </div>
   <div class='ocr_carea' id='block_1_3' title="bbox 358 4625 1051 4690">
    <p class='ocr_par' dir='ltr' id='par_1_4' title="bbox 358 4625 1051 4690">
     <span class='ocr_line' id='line_1_22' title="bbox 358 4625 1051 4690; baseline -0.001 -15"><span class='ocrx_word' id='word_1_137' title='bbox 358 4628 392 4690; x_wconf 85' lang='lat' dir='ltr'><strong>(l)</strong></span> <span class='ocrx_word' id='word_1_138' title='bbox 412 4626 671 4688; x_wconf 79' lang='lat' dir='ltr'><strong>Erasm.0pcra.T.</strong></span> <span class='ocrx_word' id='word_1_139' title='bbox 691 4625 712 4674; x_wconf 93' lang='grc' dir='ltr'><strong>Ι.</strong></span> <span class='ocrx_word' id='word_1_140' title='bbox 726 4641 754 4688; x_wconf 88' lang='lat' dir='ltr'><strong>p.</strong></span> <span class='ocrx_word' id='word_1_141' title='bbox 772 4626 828 4676; x_wconf 77' lang='lat'>421.</span> <span class='ocrx_word' id='word_1_142' title='bbox 844 4627 877 4675; x_wconf 91' lang='lat' dir='ltr'><strong>T.</strong></span> <span class='ocrx_word' id='word_1_143' title='bbox 895 4628 926 4676; x_wconf 80' lang='lat' dir='ltr'><strong>V.</strong></span> <span class='ocrx_word' id='word_1_144' title='bbox 947 4641 975 4689; x_wconf 87' lang='lat' dir='ltr'><strong>p.</strong></span> <span class='ocrx_word' id='word_1_145' title='bbox 995 4627 1051 4675; x_wconf 74' lang='lat'>513.</span> 
     </span>
    </p>
   </div>
   <div class='ocr_carea' id='block_1_4' title="bbox 0 0 1722 5404">
    <p class='ocr_par' dir='ltr' id='par_1_5' title="bbox 0 0 1722 5404">
     <span class='ocr_line' id='line_1_23' title="bbox 0 0 1722 5404; baseline 0 1"><span class='ocrx_word' id='word_1_146' title='bbox 0 0 1722 5404; x_wconf 95' lang='lat' dir='ltr'><strong> </strong></span> 
     </span>
    </p>
   </div>
  </div>
 </body>
</html>
