3436 5404
819 589 977 651 ..3ss..

363 749 615 842 perspeximus.
644 749 727 820 lnde
746 772 815 820 non
826 751 971 823 obscure
982 761 1127 845 apparet
1137 776 1239 846 qnam
1260 763 1295 827 et
1305 779 1426 830 severa

362 874 408 945 sit
427 875 503 945 haec
520 875 717 968 disciplina,
740 900 913 970 quamque
933 878 1085 972 puellam
1101 904 1169 952 non
1185 883 1229 952 ad
1245 882 1425 957 libidinem

361 1000 517 1092 instiget,
541 1008 602 1072 aut
621 1011 746 1087 armet,
766 1003 824 1073 sed
845 1004 1023 1074 meliorem
1039 1005 1180 1076 efficiat.
1203 1009 1425 1083 Manifestius

361 1134 477 1198 autem
507 1128 584 1221 ejus
612 1129 840 1200 institutionis
873 1154 1009 1201 summa
1040 1134 1365 1227 comprehendetur,
1395 1138 1425 1208 si

360 1253 442 1346 quid
461 1254 712 1340 detractando,
735 1257 925 1342 vestiendo,
950 1260 1105 1330 ornando
1128 1283 1271 1355 corpore
1299 1263 1427 1336 dixerit

358 1380 482 1464 Vives,
499 1380 651 1452 breviter
666 1380 709 1450 ad
725 1381 800 1452 haec
816 1382 1066 1454 addiderimus.

408 1505 489 1576 Jam
505 1529 586 1578 vero
602 1529 670 1577 non
686 1507 814 1577 serviet
824 1507 961 1600 corpori
978 1508 1108 1600 puella,
1120 1533 1183 1581 nec
1202 1540 1217 1576 «
1231 1510 1378 1585 delicate
1389 1542 1422 1597 a,

361 1639 422 1704 aut
447 1631 674 1717 «molliter»,
697 1632 755 1702 sed
776 1633 1051 1703 «continenter»
1069 1643 1104 1705 et
1126 1665 1141 1700 «
1156 1637 1269 1708 sobrie
1283 1665 1299 1700 »
1317 1647 1422 1710 vrvet.

359 1756 480 1848 ltaque
514 1778 581 1825 non
616 1754 782 1847 frigidam
818 1756 918 1825 modo
946 1757 1039 1827 bibet
1064 1780 1205 1850 aquam,
1237 1783 1306 1852 qua
1337 1761 1425 1833 nihil

358 1878 413 1950 vel
442 1880 486 1949 ad
520 1879 726 1961 curandam,
759 1877 814 1948 vel
857 1879 902 1948 ad
938 1879 1147 1951 firmandam
1191 1881 1425 1955 valetudinem

358 2009 474 2101 aptius
488 2014 553 2091 est,
577 2007 628 2096 (id
642 2007 731 2098 quod
748 2029 832 2076 sane
853 2008 888 2076 in
904 2007 1158 2080 dubitationem
1183 2009 1285 2081 multi
1307 2011 1425 2081 addu-

358 2139 451 2222 cent)
476 2133 534 2203 sed
554 2133 660 2203 etiam
679 2155 721 2202 ne
733 2131 937 2203 libidinibus
948 2142 1115 2226 tanquam
1129 2133 1279 2205 flammae
1287 2136 1425 2206 cuidam

359 2259 543 2330 materiam
572 2258 688 2343 dedat,
724 2258 938 2328 continentia
965 2259 1170 2352 jejunioque
1198 2283 1234 2331 se
1255 2268 1421 2332 conteret.

360 2385 459 2462 Quod
473 2385 501 2455 si
519 2393 637 2456 tamen
656 2406 765 2476 usque
780 2406 819 2454 eo
838 2384 1049 2456 valetudinis
1069 2385 1272 2458 infirmitate
1288 2385 1425 2458 labora-

358 2510 422 2595 bit,
469 2517 608 2603 tamque
638 2510 829 2601 languente
870 2511 1051 2580 stomacho
1080 2512 1198 2597 suerit,
1235 2520 1275 2583 ut
1297 2536 1424 2607 puram

358 2658 487 2727 aquam
506 2635 596 2706 ferre
613 2657 681 2705 non
698 2635 820 2727 possit,
839 2635 932 2705 haud
949 2635 1203 2728 intempestive,
1217 2644 1251 2707 et
1262 2637 1297 2707 id
1308 2638 1424 2709 mode·

358 2770 433 2832 rate
456 2761 607 2853 quidem,
641 2759 784 2852 paulum
813 2790 829 2825 «
850 2761 1007 2830 cervisiae
1026 2789 1041 2824 »
1080 2761 1134 2832 vel
1155 2762 1261 2832 etiam
1288 2761 1360 2832 vini
1380 2762 1424 2832 ad

359 2885 624 2978 concoquendus
651 2884 745 2954 cibos
768 2884 978 2955 adhibuerit.
1016 2885 1201 2956 Potissime
1235 2894 1352 2957 autem
1380 2886 1423 2957 iis

360 3018 518 3081 vescetur
531 3008 683 3080 oleribus
699 3032 846 3101 quorum
865 3032 908 3079 ea
924 3016 1052 3080 natura
1067 3010 1113 3080 sit
1127 3033 1205 3103 quae
1220 3034 1283 3082 nec
1299 3033 1424 3103 corpus

361 3135 567 3218 inflammet,
586 3158 650 3205 nec
665 3135 967 3228 intemperantiam
982 3136 1109 3219 foveat,
1126 3137 1292 3228 quoniam
1314 3165 1330 3201 ι(
1355 3158 1424 3206 non

360 3261 493 3331 AEtnaei
521 3261 634 3353 igneS,
662 3259 926 3354 non-Vulcania
945 3259 1063 3343 tellus,
1095 3283 1165 3331 non
1194 3262 1363 3332 Vaesevus
1390 3268 1425 3331 et

359 3385 530 3481 Olympus
542 3386 842 3457 tantisardoribus
853 3393 1015 3470 aestuant,
1035 3393 1073 3457 ut
1076 3385 1253 3479 juveniles
1264 3384 1425 3457 medullae

359 3513 439 3582 vino
455 3510 580 3606 plenae,
599 3520 633 3583 et
643 3512 792 3604 dapibus
806 3511 1033 3582 inflammatae
1049 3509 1152 3607 (1).»

406 3639 579 3710 Eumdem
608 3639 644 3708 in
674 3638 863 3726 vestiendo,
892 3638 951 3730 qui
977 3638 1044 3709 fuit
1072 3638 1107 3706 in
1124 3636 1248 3709 alendo
1262 3659 1420 3730 corpore,

357 3763 498 3834 modum
528 3762 677 3855 tenebit3
720 3786 871 3855 namque
896 3786 1001 3856 quam
1025 3763 1225 3856 procreavit
1250 3769 1284 3834 et
1304 3762 1424 3834 eduxit

357 3887 464 3958 Vives
483 3887 650 3981 puellam,
666 3910 742 3959 eam
759 3896 793 3959 et
812 3887 951 3958 vestivit
976 3894 1010 3958 et
1024 3887 1174 3958 ornavit.

291 4105 294 4113 ι
406 4014 565 4084 Primum
580 4014 691 4085 aberit
710 4015 753 4084 iis
774 4014 922 4085 vestium
938 4013 1120 4085 lenociniis
1136 4012 1423 4106 exquisitionibus

356 4137 609 4233 elegantiisque
644 4163 722 4233 quae
757 4139 857 4232 quasi
889 4162 1020 4209 veneno
1043 4139 1194 4231 quodam
1218 4138 1422 4232 pudicitiam

357 4261 529 4356 polluunt,
548 4286 612 4336 nec
622 4265 666 4335 ad
682 4265 791 4358 ullam
802 4265 923 4349 aliam,
933 4264 1000 4335 nisi
1017 4264 1060 4335 ad
1077 4264 1289 4357 impudicam
1304 4263 1423 4334 mulie·

356 4411 443 4473 rem,
461 4391 746 4462 accomodantur.
759 4389 899 4460 Carebit
914 4391 997 4460 item
1009 4389 1265 4483 pretiosissimis
1275 4397 1309 4460 et
1318 4389 1423 4481 longe

387 4565 422 4630 (l)
441 4566 505 4616 Viv.
522 4567 563 4615 De
576 4568 649 4616 last.
662 4570 741 4628 foetn.
755 4567 864 4624 cludat,
876 4564 908 4614 T.
925 4565 957 4613 ll.
971 4565 1002 4614 L.
1021 4564 1041 4613 l.
1056 4563 1199 4629 c.v11.p.
1214 4563 1270 4615 662.
1295 4591 1298 4596 ·
