3436 5404
761 608 919 668 ..59-

301 770 463 862 patiendo
478 770 681 862 imprerare‚
696 776 729 839 et
744 791 779 839 se
800 769 934 861 putabit
949 792 970 838 a
985 770 1057 838 Deo
1072 769 1145 862 ipso
1159 800 1175 835 «
1190 771 1362 863 corripi»,
1387 816 1390 822 .

300 902 334 966 et
353 895 388 965 id
408 895 474 966 sibi
495 894 652 965 accidere
679 901 820 987 propter
851 917 915 965 sua
941 902 1083 986 peccata
1108 917 1187 987 quae
1220 894 1369 967 feliciter

301 1043 341 1092 eo
360 1020 462 1092 modo
476 1019 642 1114 expiabit.
662 1021 735 1089 lmo
760 1049 776 1086 α
799 1019 933 1090 modico
965 1019 1071 1114 hujus
1100 1020 1184 1091 vitae
1206 1020 1326 1092 labore
1351 1050 1366 1085 »

302 1168 451 1240 magnos
468 1177 484 1214 «
504 1147 649 1218 alterius
659 1148 836 1218 cruciatus
848 1146 902 1238 (l)
923 1175 938 1210 »
958 1146 1127 1218 redimere
1147 1169 1248 1240 posse
1268 1147 1370 1218 valde

303 1273 496 1366 gaudebit3
532 1280 571 1345 ut
589 1273 665 1366 jam
690 1294 811 1343 verum
836 1271 995 1342 videatur
1023 1272 1059 1340 in
1080 1272 1157 1364 ipsa
1172 1270 1259 1342 illud
1279 1272 1370 1365 quod

304 1421 462 1470 socerum
501 1398 687 1491 quemdam
729 1397 948 1492 respondisse
991 1397 1110 1469 ferunt
1145 1419 1275 1490 genero
1315 1399 1375 1491 qui

304 1523 524 1615 quaesivisset
555 1546 625 1616 qua
652 1523 889 1594 consolatione
922 1545 1063 1593 uxorem
1093 1523 1233 1595 assidue
1256 1524 1371 1619 lacry-

304 1655 468 1731 mantem,
493 1671 554 1719 nec
575 1647 656 1720 ullis
678 1649 816 1719 monitis
832 1647 1039 1730 sanabilem,
1063 1648 1212 1742 denique
1231 1648 1369 1736 leniret,

309 1801 324 1836 «
342 1795 378 1843 se
393 1771 500 1844 semel
519 1772 572 1842 illi
588 1772 774 1844 tradidisse
788 1753 910 1855 liliam,
933 1773 1023 1864 quod
1044 1773 1073 1843 si
1085 1772 1147 1843 illa
1162 1768 1230 1844 non
1246 1774 1373 1844 obtem-

304 1904 442 1990 peraret
470 1898 598 1982 verbis,
626 1905 783 1970 uteretur
805 1921 868 1968 suo
883 1898 977 1989 jure,
1010 1904 1044 1968 et
1070 1899 1272 1970 verberibus
1296 1921 1372 1970 eam

304 2023 510 2095 emendaret
527 2022 595 2116 (2).
623 2052 639 2087 n
836 2102 838 2106 Α

353 2151 523 2222 Nostrum
568 2149 677 2248 habes
715 2151 890 2244 judicium
936 2149 979 2220 de
1023 2151 1066 2220 iis
1110 2151 1376 2222 iustitutionis

305 2276 484 2365 foemiuae
513 2277 740 2346 clcrtstc'ouoe
765 2275 937 2368 partibus,
971 2275 1096 2367 quibus
1130 2283 1231 2346 sonat
1259 2276 1380 2347 subra-

306 2406 423 2494 greste
446 2400 625 2493 quiddam.
653 2400 741 2478 Quae
767 2401 856 2470 ratio
877 2423 985 2492 quum
1010 2423 1128 2471 omnes
1148 2401 1222 2471 sine
1238 2408 1376 2472 contro-

307 2526 422 2597 versia
442 2525 551 2597 vincit
577 2526 785 2618 superiores,
817 2532 891 2596 tum
920 2526 1052 2597 indicat
1074 2533 1189 2598 tamen
1206 2534 1377 2620 quantum

307 2651 435 2722 absita
455 2673 602 2722 summo.
626 2651 699 2723 Nec
719 2651 869 2723 mirum:
894 2674 1043 2744 namque
1063 2651 1171 2722 Vives
1188 2674 1257 2723 non
1275 2653 1378 2723 modo

307 2797 386 2844 cum
411 2773 606 2868 aequalibus
630 2775 715 2859 suiS,
738 2775 797 2846 sed
824 2784 859 2847 et
878 2774 1066 2868 aliquando
1086 2799 1166 2847 cum
1182 2777 1287 2848 medii
1308 2778 1376 2847 aevi

307 2899 506 2971 doctoribus
539 2900 772 2993 Patribusque
799 2900 970 2972 Ecclesiae
1009 2901 1248 2996 conjungitur.
1292 2901 1375 2986 Sed,

307 3046 414 3116 quum
433 3021 512 3096 aliis
527 3025 687 3096 nonnihil
702 3025 872 3110 debuerit,
895 3027 1075 3118 (quoniam
1093 3025 1211 3098 nullus
1226 3027 1375 3119 scriptor

306 3172 461 3243 unquam
481 3151 647 3222 anteriori
663 3151 761 3221 aetati
774 3151 863 3221 nihil
879 3153 1019 3222 omnino
1034 3152 1148 3241 debet)
1165 3159 1239 3224 tum
1255 3153 1376 3244 impri-

306 3250 372 3346 mis
392 3298 472 3348 cum
500 3276 715 3371 Hieronymo
740 3276 782 3347 de
805 3276 1000 3371 disciplina·
1021 3277 1146 3371 puellis
1171 3278 1371 3348 adhibenda

308 3401 505 3471 consentire
520 3423 590 3471 non
612 3400 718 3471 semel
735 3401 883 3472 videtur.

356 3523 481 3596 Puella
499 3525 605 3608 enim,
629 3527 729 3620 cujus
745 3528 1031 3620 comprehensam
1047 3529 1163 3597 animo
1184 3528 1371 3620 quamdam

306 3651 456 3744 speciem
483 3659 517 3722 et
545 3651 699 3744 effigiem
729 3652 879 3722 habebat
903 3648 1132 3744 gravissimus
1160 3651 1220 3723 ille
1249 3653 1374 3736 Laetae,

305 3776 506 3860 Gaudentii,
527 3777 776 3870 Eustachiique
799 3778 982 3869 magister,
1010 3778 1059 3848 sic
1075 3778 1323 3850 instituebatur
1340 3786 1377 3850 ut

310 3931 326 3967 «
339 3901 426 3973 nihil
440 3933 456 3965 »
475 3901 606 3996 legere,
625 3927 667 3974 ne
682 3903 805 3974 audire
822 3904 961 3996 quidem
973 3911 1087 3996 posset
1105 3935 1120 3969 «
1136 3904 1232 3975 aliud
1247 3935 1281 3989 »‚
1310 3905 1380 3975 nisi

309 4056 325 4092 «
341 4027 432 4119 quod
457 4027 501 4097 ad
525 4028 715 4099 timorem»
753 4028 893 4097 Domini
920 4028 1140 4120 pertinebat:
1171 4036 1208 4099 ut
1233 4029 1375 4100 minime

306 4153 433 4250 mirum
464 4152 621 4224 futurum
650 4162 751 4237 esset,
780 4155 837 4236 si,
859 4176 966 4246 quum
1000 4162 1104 4226 aetate
1135 4155 1374 4248 processisset,
1481 4156 1483 4160 ’

337 4357 374 4420 (t)
394 4357 459 4407 Viv.
474 4359 596 4406 Delust.
615 4361 693 4418 foem.
706 4357 815 4416 christ,
829 4357 861 4404 T.
876 4357 912 4405 ll.
929 4357 963 4405 L.
979 4356 1012 4404 ll.
1032 4359 1060 4405 u.
1080 4357 1128 4404 lll.
1149 4371 1176 4419 p.
1198 4357 1253 4406 709.

344 4444 378 4506 (2)
389 4445 498 4494 Erasm.
515 4447 672 4506 colloquia.

374 4536 558 4598 Conjupium
572 4536 604 4583 T.
618 4537 642 4584 Ι.
662 4551 690 4598 p.
712 4536 769 4584 5953.
