3436 5404
817 641 974 703 ..50-

413 803 507 873 Idem
541 803 583 874 de
613 832 628 868 «
658 802 843 874 saltatione
872 831 887 865 »
917 802 1061 886 dixeris
1094 832 1110 867 «
1140 823 1244 893 quam
1273 823 1380 894 quum
1409 824 1429 872 a

365 930 528 1000 Romana
557 928 745 1020 gravitate,
773 935 847 999 tum
871 928 1019 999 ctiama
1051 927 1184 998 Graecis
1212 925 1297 1019 ipsis
1325 925 1429 1018 paulo

365 1052 621 1124 cordatioribus
641 1076 682 1122 ac
701 1053 959 1145 frugalioribus
977 1052 1195 1146 repudiatam
1225 1079 1241 1114 »
1259 1051 1429 1124 referebat

364 1179 484 1263 Vives,
507 1186 540 1250 et
569 1210 585 1245 o
615 1179 848 1274 intempestivi
878 1178 1042 1264 convivii,
1077 1178 1207 1249 amoeni
1225 1177 1308 1261 Ioci,
1339 1177 1429 1250 mul·

363 1303 480 1366 tarum
519 1295 764 1367 deliciarum»
794 1297 972 1379 comitem,
1001 1296 1224 1388 omniumque
1262 1295 1427 1367 vitiorum

364 1412 497 1505 quasi«
528 1410 710 1484 cumulum
737 1413 790 1507 (l)
814 1442 830 1477 »
858 1436 934 1484 esse
965 1411 1200 1484 existimabat.
1231 1413 1372 1485 Etenim
1391 1422 1430 1486 ut

363 1537 599 1610 aversandum
631 1545 685 1609 est
717 1539 959 1632 quodcumque
987 1538 1101 1632 turpis
1133 1536 1356 1632 Indigenas,
1381 1539 1430 1610 ita

363 1664 518 1759 puellam
534 1664 687 1736 maxime
705 1665 803 1736 decet
825 1664 958 1736 laetitiae
987 1662 1182 1758 indulgere,
1204 1664 1429 1736 festivitatem

366 1790 533 1876 redolere,
556 1813 635 1861 cum
653 1789 848 1884 aequalibus
863 1791 935 1861 suis
951 1814 987 1862 se
1002 1789 1189 1877 oblectare,
1217 1790 1431 1884 libenterque

366 1918 555 2012 aliquando
569 1920 697 2013 jocari,
720 1927 770 2005 ut,
789 1942 897 2012 quum
913 1927 1051 2015 propter
1068 1920 1285 2014 singularem
1298 1926 1432 1992 naturae

365 2043 718 2127 humanitatemtum
727 2052 868 2139 propter
878 2045 1069 2138 exquisitas
1080 2066 1216 2116 morum
1226 2043 1429 2128 suavitates,

364 2170 990 2263 abomnibusadmodumdiligaturet
1000 2178 1149 2252 ametur,
1159 2170 1432 2262 nedumsemper

367 2326 383 2360 «
413 2296 455 2368 de
469 2297 556 2382 Dec,
578 2297 709 2368 devita
726 2296 793 2368 hac
818 2303 937 2368 nostra
955 2295 1174 2378 brevissima,
1192 2296 1303 2388 deque
1318 2293 1381 2366 illa
1394 2295 1431 2365 in

364 2422 461 2494 coelis
476 2422 687 2516 sempiterna
703 2423 756 2516 (2)
781 2451 796 2486 »
815 2421 964 2515 cogitet!
988 2421 1100 2500 Quam
1120 2420 1291 2492 radonem
1306 2419 1430 2513 siquis

364 2549 504 2620 omnino
519 2549 615 2642 sequi
627 2547 732 2620 vellet
751 2555 785 2619 et
804 2549 840 2618 in
852 2549 919 2618 hac
934 2555 1033 2619 tanta
1043 2547 1262 2618 immanitate
1283 2548 1427 2633 versasi‚

366 2674 474 2744 vitam
505 2675 673 2745 nimirum
698 2675 735 2744 in
757 2673 944 2745 solitudine
977 2681 1012 2744 et
1043 2680 1211 2767 tanquam
1230 2672 1431 2744 interseras

366 2801 521 2894 degeret.
552 2802 665 2879 Quam
689 2802 799 2873 satius
823 2807 875 2871 est
894 2800 1060 2894 puellam,
1085 2801 1115 2871 si
1135 2823 1202 2872 non
1232 2799 1363 2884 omnia,
1395 2807 1431 2871 at

366 2927 527 3020 quaedam
538 2935 656 2997 tamen
668 2927 798 3012 videre,
817 2934 921 3019 atque
932 2925 1103 3021 paulatim
1119 2925 1202 3018 quid
1213 2945 1431 3020 quacumque

364 3052 401 3122 in
421 3075 471 3137 re,
489 3059 524 3123 et
539 3051 690 3145 quande,
709 3060 743 3125 et
754 3060 926 3146 quatenus
943 3053 1076 3136 deceat,
1095 3052 1218 3123 nosse!
1238 3053 1290 3122 Ita
1305 3050 1431 3122 sentie-

363 3176 447 3246 bant
466 3175 581 3260 multi,
614 3183 649 3248 et
676 3176 701 3247 ii
721 3177 862 3270 quidem
887 3176 942 3248 vel
963 3199 1098 3248 morum
1127 3173 1339 3262 innocentia,
1374 3173 1431 3245 vel

363 3302 497 3396 ingenii
534 3303 778 3398 magnitudine
804 3302 1086 3398 praestantissimi
1115 3302 1195 3372 viri.
1226 3301 1320 3373 Nam
1347 3301 1429 3395 quid

365 3449 678 3499 commemoremus
691 3427 979 3498 honestissimum
994 3426 1094 3499 illum
1111 3426 1225 3497 virum
1244 3427 1310 3520 (3),
1331 3424 1431 3518 cujus

366 3553 517 3646 diligens
543 3554 602 3625 sed
635 3555 711 3625 sine
746 3553 908 3625 molestia
935 3554 1044 3647 pietas
1058 3553 1197 3647 jamdiu
1217 3551 1254 3621 in
1273 3551 1430 3623 omnium

366 3702 426 3751 ore
446 3681 523 3750 est?
543 3681 576 3752 Is
605 3687 722 3752 autem
750 3679 918 3751 leniorem
938 3679 1198 3772 facilioremque
1213 3676 1316 3762 Vive,
1338 3676 1430 3770 quod

367 3805 490 3878 attinet
506 3806 550 3876 ad
567 3806 764 3899 puellarum
784 3806 1053 3892 institutionem,
1077 3829 1113 3877 sc
1133 3803 1306 3899 praebuit!
1334 3801 1433 3874 Atta-

366 3954 530 4003 mennon
552 3932 656 4004 citius
672 3954 881 4024 quemquam
901 3932 1032 4004 dixeris
1049 3931 1172 4016 alium,
1190 3930 1227 4000 in
1247 3951 1315 4022 quo
1333 3927 1433 4000 illus-

365 4057 454 4128 trius
469 4057 664 4129 sanctitatis
684 4057 882 4152 exemplum
897 4059 1081 4130 habemus.

415 4182 529 4277 Serpit
549 4183 671 4277 igitur,
690 4185 866 4256 nescimus
880 4206 949 4278 quo
965 4191 1078 4277 pacto,
1102 4205 1163 4277 per
1190 4203 1249 4255 eas
1273 4181 1435 4256 Instiiu-
1509 4239 1516 4256 .

367 4309 483 4380 treats
497 4309 672 4398 secutione
682 4311 909 4381 olartsttoaoe
927 4317 1043 4404 partes
1058 4332 1136 4403 quae
1146 4310 1190 4379 ad
1206 4306 1433 4380 excolendam

401 4487 434 4548 (I)
450 4487 513 4536 Viv.
530 4489 571 4537 De
584 4491 658 4537 Inst.
678 4492 757 4548 soem.
774 4489 883 4546 christ,
902 4489 931 4538 T.
945 4489 978 4537 II.
991 4489 1022 4538 L.
1034 4488 1056 4537 1.
1071 4488 1098 4538 C.
1115 4489 1172 4538 XII.
1188 4503 1214 4553 p.
1229 4488 1284 4540 683.

402 4577 436 4638 (2)
447 4576 486 4626 ld.
503 4578 588 4637 Ibid,
607 4578 636 4626 T.
653 4578 686 4627 II.
706 4577 734 4625 L.
748 4581 767 4628 l.
784 4577 811 4628 C.
826 4577 859 4627 V.
876 4593 904 4642 p.
922 4577 976 4627 659.
1406 4633 1408 4636 ,

403 4668 436 4732 (3)
454 4667 586 4728 Franqois
603 4667 635 4717 de
650 4668 748 4718 Salles.
763 4671 876 4718 Introd.
893 4672 908 4717 d
923 4670 951 4718 lo
963 4668 1007 4717 oie
1023 4669 1130 4728 der-ote,
1146 4669 1178 4718 C.
1194 4669 1319 4720 XXXIII.
