3436 5404
775 602 893 664 --100
915 639 952 646 -

330 772 365 843 in
381 795 422 842 eo
444 772 558 842 dicore
579 770 770 840 videamur.
800 768 880 839 Noli
905 776 1019 839 tamen
1045 776 1167 861 putare
1186 788 1395 859 quemquam

328 899 438 970 alium
470 896 626 990 ejusdem
653 896 767 965 atratis
795 894 932 987 plenius
965 903 999 964 et
1030 895 1171 964 uberius
1200 895 1242 964 de
1272 891 1396 984 puellis

328 1023 552 1094 instituendis
566 1021 786 1092 disseruisse.
805 1022 884 1091 Non
904 1021 1010 1103 enim,
1031 1031 1067 1090 ut
1082 1022 1172 1113 saepe
1191 1019 1241 1104 fit,
1266 1018 1308 1089 de
1323 1024 1397 1108 arte

328 1149 519 1242 disputavit
533 1171 637 1240 quam
657 1170 836 1239 nunquam
854 1147 1042 1236 didicerat3
1060 1146 1118 1216 sed
1147 1145 1209 1214 illa
1228 1145 1305 1236 ipsa
1320 1166 1402 1236 quae

329 1279 364 1348 in
380 1300 482 1348 suum
495 1299 581 1368 opus
601 1276 731 1359 retulit,
750 1298 819 1345 non
845 1275 959 1344 studio
981 1283 1132 1360 tantum,
1154 1296 1274 1344 verum
1290 1273 1395 1343 etiam

330 1401 546 1496 experientia
566 1408 745 1471 assecutus
759 1408 845 1485 erat,
867 1401 1058 1494 praesertim
1074 1422 1181 1491 quum
1207 1398 1401 1471 nonmino-

332 1553 402 1601 rem
419 1530 535 1600 avitae
552 1551 616 1598 usu
633 1551 736 1619 quam
752 1551 770 1598 e
786 1528 885 1599 libris
902 1528 1109 1622 sapientiam
1126 1527 1295 1599 hauserit.
1315 1527 1400 1596 Post

332 1663 382 1725 tot
397 1677 518 1735 annos,
532 1677 550 1722 e
566 1653 757 1744 longinquo
774 1654 863 1744 ipso,
875 1652 1000 1723 melius
1016 1653 1097 1723 licet
1111 1653 1221 1723 oculis
1236 1660 1271 1723 et
1284 1658 1399 1722 mente

328 1781 487 1873 judicare
503 1785 671 1870 quantum
688 1777 778 1847 inter
798 1801 918 1848 omnes
934 1777 1086 1870 aequales
1102 1800 1184 1849 suos
1197 1778 1395 1848 eminuerit.

333 1906 473 1975 Primus
498 1904 589 1981 enim
615 1903 732 1994 spinas
754 1902 871 1972 evellit
895 1904 1020 1998 quibus
1047 1903 1299 1996 impediebatur
1318 1903 1396 1983 iter,

335 2031 468 2124 primus
487 2053 508 2098 a
527 2029 675 2121 pristina
698 2029 946 2098 consuetudine
969 2029 1013 2098 ad
1029 2031 1160 2099 novam¹
1178 2028 1399 2120 disciplinam

334 2154 531 2250 puellarum
552 2154 804 2227 institutionem
824 2153 982 2238 adduxit,
1006 2155 1140 2248 primus
1165 2155 1258 2224 viam
1279 2177 1398 2246 quam-

335 2281 415 2350 dam
436 2262 568 2349 ratione
582 2288 616 2349 et
636 2279 818 2372 praeceptis
838 2279 1011 2350 munitam
1030 2281 1175 2372 posteris
1190 2279 1347 2366 tradidit,
1367 2285 1400 2350 et

336 2409 436 2502 quasi
452 2409 562 2501 digito
582 2408 749 2477 indicavit
769 2429 870 2499 quem
891 2407 933 2478 ad
948 2408 1052 2480 finem
1068 2409 1209 2479 tendere
1223 2415 1396 2502 oporteret

336 2559 395 2607 eos
422 2535 537 2628 quiea
561 2534 602 2603 de
628 2557 663 2603 re
679 2533 851 2604 scribendi
871 2556 999 2604 munus
1011 2541 1129 2627 postea
1157 2542 1395 2626 susceperunt.

337 2659 389 2727 lta
408 2659 535 2728 sentire
550 2664 584 2728 et
602 2680 706 2749 agere
722 2657 895 2750 ingeniosi
920 2666 953 2728 et
968 2657 1112 2729 audacis
1149 2658 1213 2727 viri
1240 2665 1316 2728 erat
1345 2658 1401 2727 cui

336 2782 528 2852 maximum
552 2805 697 2852 acumen
731 2783 809 2867 fuit,
841 2783 967 2876 quique
992 2783 1148 2855 futuram
1172 2784 1400 2855 recentiorum

337 2915 532 2999 temporum
562 2908 760 3000 opinionem
797 2908 982 2978 divinavit.
1028 2909 1144 2987 Quare
1180 2915 1288 2978 totam
1304 2907 1401 2978 illam

336 3033 624 3119 Iuslr'tutioncnt
652 3034 829 3123 foeminoe
858 3034 1084 3105 christianae
1113 3057 1175 3104 suo
1204 3034 1286 3126 jure
1310 3057 1401 3126 quo-

335 3159 517 3229 dammodo
546 3159 723 3230 vindicare
750 3166 873 3253 potest,
910 3159 1069 3252 quamvis
1103 3160 1145 3230 ab
1179 3159 1398 3251 antiquitatis

338 3285 563 3377 scriptoribus
577 3308 645 3355 non
656 3308 778 3378 pauca,
794 3293 831 3356 ut
845 3293 921 3355 erat
937 3286 1089 3377 ingenue
1100 3285 1234 3367 doctus,
1250 3307 1403 3378 assump-
1445 3297 1448 3305 '

337 3411 432 3480 serit.
457 3410 537 3514 lam
556 3413 631 3504 ejus
655 3435 741 3505 opus
766 3411 1005 3482 evolventibus
1025 3411 1134 3482 multa
1156 3411 1399 3491 obversantur,

337 3559 420 3640 quae.
431 3558 498 3638 pon
525 3536 683 3607 dubitare
707 3537 825 3607 sinunt
853 3537 937 3629 quin
954 3537 1101 3630 simplex
1116 3536 1204 3608 illud
1220 3544 1254 3607 'et
1270 3535 1402 3630 perfec-

339 3666 426 3743 tum,
462 3682 529 3752 quo
569 3662 816 3753 praeclarorum
858 3660 1080 3753 ingeniorum
1109 3661 1238 3754 scripta
1263 3660 1400 3753 signari

339 3783 463 3867 solent,
481 3785 584 3878 plane
613 3787 658 3855 ibi
680 3795 858 3879 appareat.
885 3789 924 3856 ln
944 3810 1012 3880 quo
1027 3787 1230 3879 incorrupta
1241 3786 1402 3879 quaedam

339 3909 439 3979 latini
459 3911 629 3981 sermonis
646 3912 832 4004 integritas
849 3919 914 3994 est,
938 3910 1179 4003 scribendique
1195 3934 1264 3981 non
1279 3911 1405 4004 jejuna

340 4041 444 4128 atque
476 4037 584 4119 nuda,
620 4039 679 4108 sed
709 4061 850 4132 aspersa
883 4046 987 4131 atque
1020 4036 1185 4107 distincta
1215 4036 1405 4107 multarum

342 4183 458 4231 rerum
478 4163 646 4234 varietate
670 4164 831 4234 facultas.
862 4151 951 4234 Nec
968 4163 1112 4246 mirum,
1143 4163 1171 4233 si
1187 4161 1406 4255 reputaveris

340 4307 443 4376 quam
468 4287 578 4358 multa
602 4288 744 4382 auribus
772 4289 957 4382 acceperit,
989 4311 1094 4380 quam
1124 4287 1235 4360 multa
1261 4285 1403 4368 viderit,

340 4431 444 4503 quam
473 4411 582 4484 multa
618 4413 734 4483 animo
759 4429 799 4484 et
818 4414 1029 4510 cogitatione
1048 4413 1275 4510 judicaverit,
1299 4432 1405 4504 quam
