3436 5404
822 597 983 655 ..52-

363 761 521 855 tympani
532 760 633 830 modo
649 760 702 852 (l)
717 788 733 820 »
750 759 992 830 tunderentur.
1009 758 1072 827 Pia
1089 757 1229 850 quidem
1244 765 1278 828 et
1292 764 1425 839 sancta,

363 886 421 956 sed
439 894 476 956 ut
499 907 591 956 nunc
610 892 676 968 est,
698 905 821 978 parum
848 883 892 953 ad
913 890 1077 954 naturam
1107 881 1363 967 convenientia,
1395 889 1429 952 et

362 1011 478 1105 potius
492 1010 611 1105 inepta
625 1010 730 1082 verba
745 1010 752 1080 l
772 1009 904 1080 Mentis
923 1009 1017 1081 enim
1032 1031 1158 1102 corpus
1182 1017 1217 1080 et
1231 1009 1428 1080 subsidium

361 1134 576 1207 domicilium
590 1141 656 1208 est.
668 1135 784 1212 Quare
794 1142 833 1206 ut
848 1135 884 1204 in
895 1134 1031 1206 aedibus
1049 1141 1230 1207 mutantur
1245 1133 1424 1217 fenestrae,

361 1259 533 1334 attollitur
548 1259 674 1344 solum,
697 1259 961 1332 convestiuntur
976 1258 1136 1332 tabulatu
1148 1260 1315 1354 parietes,
1339 1260 1428 1332 situs

361 1386 440 1478 igni
446 1393 637 1480 purgatum
650 1386 701 1456 sic
715 1391 749 1457 et
763 1392 839 1457 arte
857 1407 1011 1477 curaque
1027 1392 1147 1456 nostra
1165 1384 1386 1457 domicilium
1394 1391 1429 1456 et

361 1511 472 1582 animi
507 1510 723 1584 commodius
763 1511 1026 1605 jucundiusque
1073 1510 1212 1583 efficere
1244 1510 1326 1582 licet
1360 1509 1425 1607 (2).

358 1637 537 1715 Quantum
548 1637 659 1730 igitur
673 1637 766 1706 hanc
781 1637 824 1708 ob
840 1659 984 1709 causam
992 1637 1236 1730 improbanda,
1255 1645 1427 1731 quantum

359 1763 592 1856 aspernanda,
616 1769 786 1855 quantum
802 1763 997 1856 respuenda
1019 1769 1099 1832 sunt
1124 1761 1274 1850 consilia
1292 1785 1372 1855 qnae
1386 1763 1429 1834 de

359 1886 530 1958 servando
552 1887 689 1981 jejunio
717 1888 879 1980 protulit!
903 1887 1021 1965 Quid?
1036 1888 1162 1958 Nonne
1188 1887 1251 1957 tibi
1291 1887 1429 1960 videtur

361 2011 497 2084 ratione
539 2011 755 2105 consilioque
792 2012 937 2083 deficere
976 2012 1097 2095 Vives,
1139 2013 1199 2105 qni
1230 2035 1295 2084 nevi
1326 2013 1429 2084 modo

358 2160 468 2230 quarn.
487 2136 763 2230 diligentissime
791 2137 1086 2208 commendaverit
1122 2136 1262 2208 facilem
1296 2138 1425 2222 cibum,

360 2286 485 2357 puram
505 2285 645 2357 aquam,
668 2274 730 2335 aut
749 2271 887 2335 tantum
908 2264 980 2333 vini
1000 2271 1169 2356 quantum
1189 2262 1233 2333 ad
1248 2263 1432 2356 coquenda

360 2388 529 2460 alimenta
557 2388 644 2460 satis
681 2396 795 2476 esset3
828 2412 949 2459 verum
980 2390 1084 2459 etiam
1116 2389 1265 2460 voluerit
1300 2389 1428 2482 puellae

353 2513 501 2606 jejuniis
522 2535 649 2606 corpus
670 2513 883 2606 affligerent,
901 2513 1149 2605 infringerent,
1176 2513 1429 2586 debilitarent?

359 2636 404 2706 Et
420 2659 524 2729 quam
538 2637 581 2707 ob
607 2660 693 2724 rem,
721 2637 778 2708 Dii
807 2637 912 2709 boni!
939 2637 1079 2708 Scilicet
1099 2661 1141 2709 ne
1171 2638 1214 2709 ad
1247 2638 1428 2710 libidinem

361 2785 542 2856 propensae
580 2770 710 2847 essent,
757 2786 799 2834 ne
838 2764 875 2832 in
911 2763 1048 2856 flagitio
1086 2763 1340 2848 volutarentur,
1387 2788 1429 2835 ne

364 2919 379 2951 κ
409 2887 554 2958 lascivia
573 2889 688 2958 carnis
718 2917 733 2952 n
764 2897 945 2972 aestuaret,
978 2889 1144 2982 quoniam
1173 2919 1188 2955 «
1219 2898 1326 2961 totam
1344 2891 1427 2982 qui-

360 3013 439 3082 dem
455 3012 663 3084 chistianam
675 3014 783 3084 vitam
797 3022 932 3107 oportet
944 3036 1019 3085 esse
1034 3022 1240 3108 perpetuum
1255 3015 1426 3106 quoddam

356 3136 533 3230 jejunium
548 3138 602 3228 (3)
632 3168 663 3226 n,
685 3146 719 3209 et
746 3139 872 3211 melius
891 3146 995 3211 astte
1025 3163 1044 3210 e
1077 3139 1256 3212 stomacho
1289 3149 1428 3233 quame

361 3272 476 3335 mente
509 3265 690 3350 laborare,
728 3266 903 3360 imperare
950 3266 1087 3360 corpori
1126 3289 1231 3358 quam
1272 3268 1423 3352 servire,

359 3410 481 3480 gressu
505 3387 704 3460 claudicare
731 3412 835 3482 quam
862 3390 1031 3483 pudicitia
1060 3390 1239 3462 vacillare.
1267 3391 1312 3461 Et
1347 3391 1425 3461 haec

359 3510 599 3582 scribebantur
618 3534 687 3584 non
703 3535 725 3582 a
741 3513 865 3604 quovis
884 3534 966 3595 une,
985 3513 1079 3583 seda
1103 3513 1302 3584 doctissimo
1317 3536 1426 3607 praes-

360 3635 623 3729 tantissimoque
652 3638 740 3722 viro,
780 3646 827 3722 et,
860 3638 895 3707 id
942 3639 1034 3731 quod
1070 3640 1186 3733 majus
1230 3646 1293 3722 est,
1331 3638 1427 3710 illius

360 3760 605 3833 humanissimi
642 3763 795 3847 Erasini,
840 3765 897 3835 cui
939 3764 1044 3856 lenge
1089 3765 1271 3835 videbatur
1310 3788 1421 3847 secus,

359 3889 493 3959 amico!
520 3888 588 3959 Sed
604 3889 682 3982 quis
692 3889 768 3981 jam
788 3890 928 3982 ignorat
941 3890 1079 3982 quantis
1104 3889 1198 3960 curis
1214 3890 1424 3983 quantisque

359 4012 651 4086 sollicitudinibus
675 4015 871 4109 praesertim
906 4014 1106 4107 pubescenti
1147 4013 1425 4108 adolescentique

392 4207 427 4270 (l)
444 4207 594 4256 Ambrosii.
620 4208 723 4268 Opera.
750 4207 876 4266 Parisiis
898 4206 970 4256 1690.
997 4234 1026 4242 —
1045 4207 1214 4256 Ecbortutio
1236 4207 1423 4269 rirpinitotia

359 4295 388 4344 T.
401 4295 438 4345 11.
454 4297 485 4346 C.
505 4296 567 4346 VII.
587 4311 612 4360 p.
626 4296 683 4345 289.
1144 4301 1147 4306 '

390 4384 425 4449 (2)
438 4385 542 4435 Erasm.
562 4387 721 4447 colloquio.

556 4476 718 4536 Pucrpera,
733 4475 762 4524 T.
779 4474 801 4524 Ι.
816 4490 845 4538 p.
856 4474 912 4524 652.

391 4564 424 4625 (3)
436 4564 498 4614 viv.
515 4567 555 4614 De
569 4567 669 4626 Officio
689 4565 798 4614 emeriti.
812 4566 841 4614 T.
861 4565 897 4615 ΙΙ.
918 4565 946 4614 (ἶ
963 4565 1015 4614 Ill.
1032 4581 1056 4630 p.
1071 4566 1126 4615 630.
