<?xml version="1.0" encoding="UTF-8"?>
<!DOCTYPE html PUBLIC "-//W3C//DTD XHTML 1.0 Transitional//EN"
    "http://www.w3.org/TR/xhtml1/DTD/xhtml1-transitional.dtd">
<html xmlns="http://www.w3.org/1999/xhtml" xml:lang="en" lang="en">
 <head>
  <title>
</title>
<meta http-equiv="Content-Type" content="text/html;charset=utf-8" />
  <meta name='ocr-system' content='tesseract 3.04.00' />
  <meta name='ocr-capabilities' content='ocr_page ocr_carea ocr_par ocr_line ocrx_word'/>
</head>
<body>
  <div class='ocr_page' id='page_1' title='image "./quiddepuellisin00thibgoog_0040.png"; bbox 0 0 3436 5404; ppageno 0'>
   <div class='ocr_carea' id='block_1_1' title="bbox 787 635 937 692">
    <p class='ocr_par' dir='ltr' id='par_1_1' title="bbox 787 635 937 692">
     <span class='ocr_line' id='line_1_1' title="bbox 787 635 937 692; baseline -0.007 -16"><span class='ocrx_word' id='word_1_1' title='bbox 787 635 937 692; x_wconf 64' lang='lat'><strong>‚31-.</strong></span> 
     </span>
    </p>
   </div>
   <div class='ocr_carea' id='block_1_2' title="bbox 235 792 1486 4639">
    <p class='ocr_par' dir='ltr' id='par_1_2' title="bbox 322 792 1398 2146">
     <span class='ocr_line' id='line_1_2' title="bbox 327 792 1398 889; baseline 0.003 -23"><span class='ocrx_word' id='word_1_2' title='bbox 327 794 459 866; x_wconf 88' lang='lat' dir='ltr'><strong>nullius</strong></span> <span class='ocrx_word' id='word_1_3' title='bbox 476 795 637 866; x_wconf 79' lang='lat' dir='ltr'><strong>utilitatis</strong></span> <span class='ocrx_word' id='word_1_4' title='bbox 656 792 771 889; x_wconf 81' lang='lat' dir='ltr'><strong>esset),</strong></span> <span class='ocrx_word' id='word_1_5' title='bbox 790 816 896 886; x_wconf 89' lang='lat' dir='ltr'><strong>quum</strong></span> <span class='ocrx_word' id='word_1_6' title='bbox 915 794 1053 865; x_wconf 94' lang='lat' dir='ltr'><strong>turbam</strong></span> <span class='ocrx_word' id='word_1_7' title='bbox 1070 794 1104 864; x_wconf 96' lang='lat' dir='ltr'><strong>in</strong></span> <span class='ocrx_word' id='word_1_8' title='bbox 1129 795 1287 866; x_wconf 75' lang='lat' dir='ltr'><strong>Ecclesia</strong></span> <span class='ocrx_word' id='word_1_9' title='bbox 1301 798 1398 870; x_wconf 87' lang='lat' dir='ltr'><strong>doce-</strong></span> 
     </span>
     <span class='ocr_line' id='line_1_3' title="bbox 328 919 1397 1015; baseline 0.002 -23"><span class='ocrx_word' id='word_1_10' title='bbox 328 928 406 992; x_wconf 92' lang='lat' dir='ltr'><strong>rent</strong></span> <span class='ocrx_word' id='word_1_11' title='bbox 421 919 640 1012; x_wconf 81' lang='lat' dir='ltr'><strong>religionem,</strong></span> <span class='ocrx_word' id='word_1_12' title='bbox 654 919 734 990; x_wconf 89' lang='lat' dir='ltr'><strong>illas</strong></span> <span class='ocrx_word' id='word_1_13' title='bbox 744 920 884 990; x_wconf 89' lang='lat' dir='ltr'><strong>tandem</strong></span> <span class='ocrx_word' id='word_1_14' title='bbox 895 927 1099 1012; x_wconf 82' lang='lat' dir='ltr'><strong>respuerent</strong></span> <span class='ocrx_word' id='word_1_15' title='bbox 1112 920 1261 1013; x_wconf 83' lang='lat' dir='ltr'><strong>ineptias</strong></span> <span class='ocrx_word' id='word_1_16' title='bbox 1272 924 1397 1015; x_wconf 91' lang='lat' dir='ltr'><strong>quibus</strong></span> 
     </span>
     <span class='ocr_line' id='line_1_4' title="bbox 327 1034 1397 1137; baseline 0.001 -24"><span class='ocrx_word' id='word_1_17' title='bbox 327 1034 508 1114; x_wconf 86' lang='lat' dir='ltr'><strong>audientes</strong></span> <span class='ocrx_word' id='word_1_18' title='bbox 532 1043 577 1113; x_wconf 93' lang='lat' dir='ltr'><strong>ad</strong></span> <span class='ocrx_word' id='word_1_19' title='bbox 596 1063 756 1114; x_wconf 91' lang='lat' dir='ltr'><strong>somnum</strong></span> <span class='ocrx_word' id='word_1_20' title='bbox 785 1042 939 1114; x_wconf 87' lang='lat' dir='ltr'><strong>excitare</strong></span> <span class='ocrx_word' id='word_1_21' title='bbox 966 1043 1091 1128; x_wconf 88' lang='lat' dir='ltr'><strong>solent,</strong></span> <span class='ocrx_word' id='word_1_22' title='bbox 1114 1051 1148 1114; x_wconf 91' lang='lat' dir='ltr'><strong>et</strong></span> <span class='ocrx_word' id='word_1_23' title='bbox 1167 1044 1209 1114; x_wconf 89' lang='lat' dir='ltr'><strong>de</strong></span> <span class='ocrx_word' id='word_1_24' title='bbox 1228 1045 1397 1137; x_wconf 83' lang='lat' dir='ltr'><strong>fugienda</strong></span> 
     </span>
     <span class='ocr_line' id='line_1_5' title="bbox 325 1166 1396 1261; baseline 0.002 -24"><span class='ocrx_word' id='word_1_25' title='bbox 325 1166 539 1240; x_wconf 89' lang='lat' dir='ltr'><strong>lascivorum</strong></span> <span class='ocrx_word' id='word_1_26' title='bbox 568 1169 779 1261; x_wconf 88' lang='lat' dir='ltr'><strong>scriptorum</strong></span> <span class='ocrx_word' id='word_1_27' title='bbox 819 1167 966 1238; x_wconf 87' lang='lat' dir='ltr'><strong>lectione</strong></span> <span class='ocrx_word' id='word_1_28' title='bbox 995 1169 1297 1239; x_wconf 90' lang='lat' dir='ltr'><strong>vehementissime</strong></span> <span class='ocrx_word' id='word_1_29' title='bbox 1326 1169 1396 1241; x_wconf 88' lang='lat' dir='ltr'><strong>cla-</strong></span> 
     </span>
     <span class='ocr_line' id='line_1_6' title="bbox 322 1292 1396 1387; baseline 0.003 -25"><span class='ocrx_word' id='word_1_30' title='bbox 322 1301 476 1374; x_wconf 89' lang='lat' dir='ltr'><strong>marent.</strong></span> <span class='ocrx_word' id='word_1_31' title='bbox 507 1293 589 1365; x_wconf 93' lang='lat' dir='ltr'><strong>Non</strong></span> <span class='ocrx_word' id='word_1_32' title='bbox 618 1292 729 1385; x_wconf 91' lang='lat' dir='ltr'><strong>igitur</strong></span> <span class='ocrx_word' id='word_1_33' title='bbox 759 1292 885 1363; x_wconf 90' lang='lat' dir='ltr'><strong>mirum</strong></span> <span class='ocrx_word' id='word_1_34' title='bbox 926 1293 971 1363; x_wconf 91' lang='lat' dir='ltr'><strong>sit</strong></span> <span class='ocrx_word' id='word_1_35' title='bbox 996 1316 1039 1364; x_wconf 92' lang='lat' dir='ltr'><strong>ne</strong></span> <span class='ocrx_word' id='word_1_36' title='bbox 1058 1292 1167 1364; x_wconf 93' lang='lat' dir='ltr'><strong>alium</strong></span> <span class='ocrx_word' id='word_1_37' title='bbox 1200 1295 1339 1387; x_wconf 86' lang='lat' dir='ltr'><strong>quidem</strong></span> <span class='ocrx_word' id='word_1_38' title='bbox 1364 1297 1396 1366; x_wconf 92' lang='lat' dir='ltr'><strong>ei</strong></span> 
     </span>
     <span class='ocr_line' id='line_1_7' title="bbox 326 1417 1393 1512; baseline 0.006 -25"><span class='ocrx_word' id='word_1_39' title='bbox 326 1418 435 1489; x_wconf 92' lang='lat' dir='ltr'><strong>videri</strong></span> <span class='ocrx_word' id='word_1_40' title='bbox 450 1419 584 1512; x_wconf 87' lang='lat' dir='ltr'><strong>justius</strong></span> <span class='ocrx_word' id='word_1_41' title='bbox 604 1419 642 1489; x_wconf 89' lang='lat' dir='ltr'><strong>in·</strong></span> <span class='ocrx_word' id='word_1_42' title='bbox 658 1419 729 1488; x_wconf 87' lang='lat' dir='ltr'><strong>oris</strong></span> <span class='ocrx_word' id='word_1_43' title='bbox 743 1417 886 1511; x_wconf 87' lang='lat' dir='ltr'><strong>ignotis,</strong></span> <span class='ocrx_word' id='word_1_44' title='bbox 900 1441 1005 1511; x_wconf 91' lang='lat' dir='ltr'><strong>quam</strong></span> <span class='ocrx_word' id='word_1_45' title='bbox 1025 1419 1189 1490; x_wconf 90' lang='lat' dir='ltr'><strong>Ovidium</strong></span> <span class='ocrx_word' id='word_1_46' title='bbox 1202 1420 1393 1505; x_wconf 85' lang='lat' dir='ltr'><strong>Nasonem,</strong></span> 
     </span>
     <span class='ocr_line' id='line_1_8' title="bbox 324 1541 1397 1638; baseline 0.002 -25"><span class='ocrx_word' id='word_1_47' title='bbox 324 1541 501 1627; x_wconf 79' lang='lat' dir='ltr'><strong>exulasse,</strong></span> <span class='ocrx_word' id='word_1_48' title='bbox 519 1544 592 1635; x_wconf 89' lang='lat' dir='ltr'><strong>qui,</strong></span> <span class='ocrx_word' id='word_1_49' title='bbox 611 1566 718 1637; x_wconf 91' lang='lat' dir='ltr'><strong>quum</strong></span> <span class='ocrx_word' id='word_1_50' title='bbox 730 1544 842 1614; x_wconf 90' lang='lat' dir='ltr'><strong>multa</strong></span> <span class='ocrx_word' id='word_1_51' title='bbox 859 1544 943 1629; x_wconf 90' lang='lat' dir='ltr'><strong>alia,</strong></span> <span class='ocrx_word' id='word_1_52' title='bbox 958 1553 1032 1615; x_wconf 92' lang='lat' dir='ltr'><strong>tum</strong></span> <span class='ocrx_word' id='word_1_53' title='bbox 1050 1567 1129 1614; x_wconf 91' lang='lat' dir='ltr'><strong>vero</strong></span> <span class='ocrx_word' id='word_1_54' title='bbox 1144 1545 1397 1638; x_wconf 89' lang='lat' dir='ltr'><strong>impudentiam</strong></span> 
     </span>
     <span class='ocr_line' id='line_1_9' title="bbox 325 1655 1395 1761; baseline 0.003 -24"><span class='ocrx_word' id='word_1_55' title='bbox 325 1667 430 1738; x_wconf 88' lang='lat' dir='ltr'><strong>certis</strong></span> <span class='ocrx_word' id='word_1_56' title='bbox 445 1655 601 1739; x_wconf 82' lang='lat' dir='ltr'><strong>consiliis</strong></span> <span class='ocrx_word' id='word_1_57' title='bbox 615 1669 764 1761; x_wconf 65' lang='lat' dir='ltr'><strong>turpiter</strong></span> <span class='ocrx_word' id='word_1_58' title='bbox 783 1668 1011 1760; x_wconf 86' lang='lat' dir='ltr'><strong>etilagitiose</strong></span> <span class='ocrx_word' id='word_1_59' title='bbox 1030 1669 1198 1740; x_wconf 82' lang='lat' dir='ltr'><strong>docuerit.</strong></span> <span class='ocrx_word' id='word_1_60' title='bbox 1223 1669 1395 1740; x_wconf 84' lang='lat' dir='ltr'><strong>Caeterum</strong></span> 
     </span>
     <span class='ocr_line' id='line_1_10' title="bbox 325 1774 1395 1888; baseline 0 -24"><span class='ocrx_word' id='word_1_61' title='bbox 325 1815 367 1864; x_wconf 88' lang='lat' dir='ltr'><strong>ea</strong></span> <span class='ocrx_word' id='word_1_62' title='bbox 384 1795 461 1888; x_wconf 87' lang='lat' dir='ltr'><strong>jam</strong></span> <span class='ocrx_word' id='word_1_63' title='bbox 491 1803 677 1887; x_wconf 90' lang='lat' dir='ltr'><strong>parentum</strong></span> <span class='ocrx_word' id='word_1_64' title='bbox 706 1793 811 1864; x_wconf 81' lang='lat' dir='ltr'><strong>fuerit</strong></span> <span class='ocrx_word' id='word_1_65' title='bbox 843 1801 1002 1878; x_wconf 73' lang='lat' dir='ltr'><strong>curant</strong></span> <span class='ocrx_word' id='word_1_66' title='bbox 1038 1792 1106 1886; x_wconf 89' lang='lat' dir='ltr'><strong>ipsi</strong></span> <span class='ocrx_word' id='word_1_67' title='bbox 1134 1774 1215 1864; x_wconf 86' lang='lat' dir='ltr'><strong>ante</strong></span> <span class='ocrx_word' id='word_1_68' title='bbox 1243 1793 1395 1887; x_wconf 89' lang='lat' dir='ltr'><strong>puellam</strong></span> 
     </span>
     <span class='ocr_line' id='line_1_11' title="bbox 325 1918 1396 2012; baseline 0.001 -23"><span class='ocrx_word' id='word_1_69' title='bbox 325 1919 443 1989; x_wconf 90' lang='lat' dir='ltr'><strong>omnia</strong></span> <span class='ocrx_word' id='word_1_70' title='bbox 455 1919 555 2012; x_wconf 92' lang='lat' dir='ltr'><strong>quasi</strong></span> <span class='ocrx_word' id='word_1_71' title='bbox 566 1919 766 2012; x_wconf 81' lang='lat' dir='ltr'><strong>degustent,</strong></span> <span class='ocrx_word' id='word_1_72' title='bbox 779 1925 814 1988; x_wconf 90' lang='lat' dir='ltr'><strong>et</strong></span> <span class='ocrx_word' id='word_1_73' title='bbox 824 1942 902 2012; x_wconf 90' lang='lat' dir='ltr'><strong>quae</strong></span> <span class='ocrx_word' id='word_1_74' title='bbox 917 1918 1079 2010; x_wconf 90' lang='lat' dir='ltr'><strong>legenda,</strong></span> <span class='ocrx_word' id='word_1_75' title='bbox 1095 1941 1242 2012; x_wconf 89' lang='lat' dir='ltr'><strong>quaeque</strong></span> <span class='ocrx_word' id='word_1_76' title='bbox 1252 1920 1396 1990; x_wconf 89' lang='lat' dir='ltr'><strong>vitanda</strong></span> 
     </span>
     <span class='ocr_line' id='line_1_12' title="bbox 326 2021 1084 2146; baseline 0.003 -34"><span class='ocrx_word' id='word_1_77' title='bbox 326 2043 409 2131; x_wconf 92' lang='lat' dir='ltr'><strong>sint,</strong></span> <span class='ocrx_word' id='word_1_78' title='bbox 428 2021 549 2114; x_wconf 86' lang='lat' dir='ltr'><strong>sedulo</strong></span> <span class='ocrx_word' id='word_1_79' title='bbox 563 2044 821 2144; x_wconf 88' lang='lat' dir='ltr'><strong>prudenterque</strong></span> <span class='ocrx_word' id='word_1_80' title='bbox 835 2044 1084 2146; x_wconf 82' lang='lat' dir='ltr'><strong>demonstrent.</strong></span> 
     </span>
    </p>

    <p class='ocr_par' dir='ltr' id='par_1_3' title="bbox 236 2169 1397 3526">
     <span class='ocr_line' id='line_1_13' title="bbox 374 2169 1394 2264; baseline 0.002 -24"><span class='ocrx_word' id='word_1_81' title='bbox 374 2171 556 2244; x_wconf 91' lang='lat' dir='ltr'><strong>Postremo</strong></span> <span class='ocrx_word' id='word_1_82' title='bbox 572 2171 658 2243; x_wconf 87' lang='lat' dir='ltr'><strong>satis</strong></span> <span class='ocrx_word' id='word_1_83' title='bbox 674 2170 860 2240; x_wconf 91' lang='lat' dir='ltr'><strong>contulerit</strong></span> <span class='ocrx_word' id='word_1_84' title='bbox 871 2169 927 2241; x_wconf 94' lang='lat' dir='ltr'><strong>vel</strong></span> <span class='ocrx_word' id='word_1_85' title='bbox 941 2171 1073 2262; x_wconf 86' lang='lat' dir='ltr'><strong>exigua</strong></span> <span class='ocrx_word' id='word_1_86' title='bbox 1083 2170 1243 2264; x_wconf 86' lang='lat' dir='ltr'><strong>quaedam</strong></span> <span class='ocrx_word' id='word_1_87' title='bbox 1259 2179 1394 2264; x_wconf 82' lang='lat' dir='ltr'><strong>naturae</strong></span> 
     </span>
     <span class='ocr_line' id='line_1_14' title="bbox 316 2265 1394 2390; baseline 0.004 -26"><span class='ocrx_word' id='word_1_88' title='bbox 316 2295 495 2387; x_wconf 80' lang='lat' dir='ltr'><strong>cognitio.</strong></span> <span class='ocrx_word' id='word_1_89' title='bbox 528 2295 692 2367; x_wconf 85' lang='lat' dir='ltr'><strong>Attamen</strong></span> <span class='ocrx_word' id='word_1_90' title='bbox 727 2296 762 2365; x_wconf 94' lang='lat' dir='ltr'><strong>in</strong></span> <span class='ocrx_word' id='word_1_91' title='bbox 799 2295 867 2364; x_wconf 91' lang='lat' dir='ltr'><strong>hac</strong></span> <span class='ocrx_word' id='word_1_92' title='bbox 903 2295 1070 2366; x_wconf 88' lang='lat' dir='ltr'><strong>discenda</strong></span> <span class='ocrx_word' id='word_1_93' title='bbox 1098 2303 1170 2364; x_wconf 88' lang='lat' dir='ltr'><strong>tam</strong></span> <span class='ocrx_word' id='word_1_94' title='bbox 1214 2265 1394 2390; x_wconf 78' lang='lat' dir='ltr'><strong>implicata</strong></span> 
     </span>
     <span class='ocr_line' id='line_1_15' title="bbox 325 2396 1394 2515; baseline 0.004 -27"><span class='ocrx_word' id='word_1_95' title='bbox 325 2419 473 2490; x_wconf 89' lang='lat' dir='ltr'><strong>scientia</strong></span> <span class='ocrx_word' id='word_1_96' title='bbox 493 2421 548 2510; x_wconf 87' lang='lat' dir='ltr'><strong>(ut</strong></span> <span class='ocrx_word' id='word_1_97' title='bbox 567 2427 642 2491; x_wconf 91' lang='lat' dir='ltr'><strong>tum</strong></span> <span class='ocrx_word' id='word_1_98' title='bbox 661 2426 762 2490; x_wconf 91' lang='lat' dir='ltr'><strong>erant</strong></span> <span class='ocrx_word' id='word_1_99' title='bbox 780 2417 947 2515; x_wconf 88' lang='lat' dir='ltr'><strong>tempora)</strong></span> <span class='ocrx_word' id='word_1_100' title='bbox 964 2419 1116 2512; x_wconf 91' lang='lat' dir='ltr'><strong>primum</strong></span> <span class='ocrx_word' id='word_1_101' title='bbox 1132 2419 1178 2489; x_wconf 91' lang='lat' dir='ltr'><strong>sit</strong></span> <span class='ocrx_word' id='word_1_102' title='bbox 1195 2405 1282 2491; x_wconf 89' lang='lat' dir='ltr'><strong>illud</strong></span> <span class='ocrx_word' id='word_1_103' title='bbox 1303 2396 1394 2514; x_wconf 85' lang='lat' dir='ltr'><strong>proe-</strong></span> 
     </span>
     <span class='ocr_line' id='line_1_16' title="bbox 323 2546 1389 2648; baseline 0.003 -32"><span class='ocrx_word' id='word_1_104' title='bbox 323 2554 475 2639; x_wconf 87' lang='lat' dir='ltr'><strong>ceptum,</strong></span> <span class='ocrx_word' id='word_1_105' title='bbox 498 2569 567 2648; x_wconf 87' lang='lat' dir='ltr'><strong>non</strong></span> <span class='ocrx_word' id='word_1_106' title='bbox 588 2570 630 2618; x_wconf 90' lang='lat' dir='ltr'><strong>ea</strong></span> <span class='ocrx_word' id='word_1_107' title='bbox 648 2547 798 2618; x_wconf 88' lang='lat' dir='ltr'><strong>scrutari</strong></span> <span class='ocrx_word' id='word_1_108' title='bbox 818 2546 862 2616; x_wconf 90' lang='lat' dir='ltr'><strong>ad</strong></span> <span class='ocrx_word' id='word_1_109' title='bbox 882 2569 960 2639; x_wconf 91' lang='lat' dir='ltr'><strong>quae</strong></span> <span class='ocrx_word' id='word_1_110' title='bbox 984 2547 1166 2640; x_wconf 91' lang='lat' dir='ltr'><strong>pervenire</strong></span> <span class='ocrx_word' id='word_1_111' title='bbox 1192 2547 1389 2646; x_wconf 82' lang='lat' dir='ltr'><strong>nequimus,</strong></span> 
     </span>
     <span class='ocr_line' id='line_1_17' title="bbox 325 2671 1395 2765; baseline 0.003 -25"><span class='ocrx_word' id='word_1_112' title='bbox 325 2671 384 2741; x_wconf 90' lang='lat' dir='ltr'><strong>sed</strong></span> <span class='ocrx_word' id='word_1_113' title='bbox 402 2694 444 2742; x_wconf 91' lang='lat' dir='ltr'><strong>ea</strong></span> <span class='ocrx_word' id='word_1_114' title='bbox 466 2673 569 2742; x_wconf 92' lang='lat' dir='ltr'><strong>modo</strong></span> <span class='ocrx_word' id='word_1_115' title='bbox 594 2672 807 2765; x_wconf 89' lang='lat' dir='ltr'><strong>investigare</strong></span> <span class='ocrx_word' id='word_1_116' title='bbox 831 2681 865 2742; x_wconf 91' lang='lat' dir='ltr'><strong>et</strong></span> <span class='ocrx_word' id='word_1_117' title='bbox 884 2672 1066 2765; x_wconf 91' lang='lat' dir='ltr'><strong>exquirere</strong></span> <span class='ocrx_word' id='word_1_118' title='bbox 1086 2695 1165 2764; x_wconf 88' lang='lat' dir='ltr'><strong>quae</strong></span> <span class='ocrx_word' id='word_1_119' title='bbox 1183 2672 1236 2743; x_wconf 92' lang='lat' dir='ltr'><strong>vel</strong></span> <span class='ocrx_word' id='word_1_120' title='bbox 1253 2673 1297 2742; x_wconf 90' lang='lat' dir='ltr'><strong>ad</strong></span> <span class='ocrx_word' id='word_1_121' title='bbox 1314 2673 1395 2743; x_wconf 83' lang='lat' dir='ltr'><strong>vitae</strong></span> 
     </span>
     <span class='ocr_line' id='line_1_18' title="bbox 325 2795 1396 2890; baseline 0.003 -24"><span class='ocrx_word' id='word_1_122' title='bbox 325 2795 496 2867; x_wconf 87' lang='lat' dir='ltr'><strong>utilitates</strong></span> <span class='ocrx_word' id='word_1_123' title='bbox 516 2796 571 2868; x_wconf 91' lang='lat' dir='ltr'><strong>vel</strong></span> <span class='ocrx_word' id='word_1_124' title='bbox 589 2798 633 2866; x_wconf 91' lang='lat' dir='ltr'><strong>ad</strong></span> <span class='ocrx_word' id='word_1_125' title='bbox 649 2797 806 2890; x_wconf 91' lang='lat' dir='ltr'><strong>eorporis</strong></span> <span class='ocrx_word' id='word_1_126' title='bbox 822 2820 923 2868; x_wconf 90' lang='lat' dir='ltr'><strong>usum</strong></span> <span class='ocrx_word' id='word_1_127' title='bbox 942 2798 1103 2868; x_wconf 89' lang='lat' dir='ltr'><strong>attinent.</strong></span> <span class='ocrx_word' id='word_1_128' title='bbox 1123 2798 1240 2875; x_wconf 85' lang='lat' dir='ltr'><strong>Quare</strong></span> <span class='ocrx_word' id='word_1_129' title='bbox 1259 2797 1396 2870; x_wconf 90' lang='lat' dir='ltr'><strong>demen-</strong></span> 
     </span>
     <span class='ocr_line' id='line_1_19' title="bbox 326 2920 1396 3015; baseline 0.003 -25"><span class='ocrx_word' id='word_1_130' title='bbox 326 2921 384 2991; x_wconf 91' lang='lat' dir='ltr'><strong>tiae</strong></span> <span class='ocrx_word' id='word_1_131' title='bbox 421 2945 497 2992; x_wconf 90' lang='lat' dir='ltr'><strong>esse</strong></span> <span class='ocrx_word' id='word_1_132' title='bbox 535 2945 640 2993; x_wconf 88' lang='lat' dir='ltr'><strong>merae</strong></span> <span class='ocrx_word' id='word_1_133' title='bbox 677 2922 865 3015; x_wconf 84' lang='lat' dir='ltr'><strong>judicabat</strong></span> <span class='ocrx_word' id='word_1_134' title='bbox 902 2920 1108 3013; x_wconf 85' lang='lat' dir='ltr'><strong>longissime</strong></span> <span class='ocrx_word' id='word_1_135' title='bbox 1149 2923 1321 2994; x_wconf 87' lang='lat' dir='ltr'><strong>disserere</strong></span> <span class='ocrx_word' id='word_1_136' title='bbox 1354 2924 1396 2993; x_wconf 92' lang='lat' dir='ltr'><strong>de</strong></span> 
     </span>
     <span class='ocr_line' id='line_1_20' title="bbox 329 3045 1397 3130; baseline 0.004 -16"><span class='ocrx_word' id='word_1_137' title='bbox 329 3075 345 3109; x_wconf 88' lang='lat'>«</span> <span class='ocrx_word' id='word_1_138' title='bbox 365 3045 577 3118; x_wconf 89' lang='lat' dir='ltr'><strong>instantibus</strong></span> <span class='ocrx_word' id='word_1_139' title='bbox 596 3075 628 3130; x_wconf 89' lang='lat'><strong>»,</strong></span> <span class='ocrx_word' id='word_1_140' title='bbox 640 3047 682 3116; x_wconf 90' lang='lat' dir='ltr'><strong>de</strong></span> <span class='ocrx_word' id='word_1_141' title='bbox 693 3053 789 3117; x_wconf 89' lang='lat' dir='ltr'><strong>motu</strong></span> <span class='ocrx_word' id='word_1_142' title='bbox 807 3046 998 3116; x_wconf 84' lang='lat' dir='ltr'><strong>«enormi»</strong></span> <span class='ocrx_word' id='word_1_143' title='bbox 1017 3056 1052 3116; x_wconf 90' lang='lat' dir='ltr'><strong>et</strong></span> <span class='ocrx_word' id='word_1_144' title='bbox 1070 3076 1086 3111; x_wconf 72' lang='grc' dir='ltr'>α</span> <span class='ocrx_word' id='word_1_145' title='bbox 1104 3046 1274 3117; x_wconf 84' lang='lat' dir='ltr'><strong>conformi</strong></span> <span class='ocrx_word' id='word_1_146' title='bbox 1288 3076 1321 3129; x_wconf 80' lang='lat' dir='ltr'><strong>n,</strong></span> <span class='ocrx_word' id='word_1_147' title='bbox 1335 3056 1397 3118; x_wconf 93' lang='lat' dir='ltr'><strong>aut</strong></span> 
     </span>
     <span class='ocr_line' id='line_1_21' title="bbox 325 3171 1395 3263; baseline 0.001 -24"><span class='ocrx_word' id='word_1_148' title='bbox 325 3189 482 3262; x_wconf 83' lang='lat' dir='ltr'><strong>quaerere</strong></span> <span class='ocrx_word' id='word_1_149' title='bbox 497 3194 574 3253; x_wconf 89' lang='lat' dir='ltr'><strong>cur,</strong></span> <span class='ocrx_word' id='word_1_150' title='bbox 584 3172 737 3263; x_wconf 93' lang='lat' dir='ltr'><strong>quando,</strong></span> <span class='ocrx_word' id='word_1_151' title='bbox 753 3180 787 3241; x_wconf 92' lang='lat' dir='ltr'><strong>et</strong></span> <span class='ocrx_word' id='word_1_152' title='bbox 801 3171 973 3263; x_wconf 93' lang='lat' dir='ltr'><strong>quomodo</strong></span> <span class='ocrx_word' id='word_1_153' title='bbox 984 3171 1137 3262; x_wconf 91' lang='lat' dir='ltr'><strong>quidque</strong></span> <span class='ocrx_word' id='word_1_154' title='bbox 1147 3172 1222 3242; x_wconf 88' lang='lat' dir='ltr'><strong>fiat.</strong></span> <span class='ocrx_word' id='word_1_155' title='bbox 1236 3171 1337 3248; x_wconf 83' lang='lat' dir='ltr'><strong>Quod</strong></span> <span class='ocrx_word' id='word_1_156' title='bbox 1352 3173 1395 3241; x_wconf 86' lang='lat' dir='ltr'><strong>ad</strong></span> 
     </span>
     <span class='ocr_line' id='line_1_22' title="bbox 325 3292 1396 3387; baseline 0 -26"><span class='ocrx_word' id='word_1_157' title='bbox 325 3292 414 3362; x_wconf 86' lang='lat' dir='ltr'><strong>alias</strong></span> <span class='ocrx_word' id='word_1_158' title='bbox 438 3293 603 3364; x_wconf 89' lang='lat' dir='ltr'><strong>scientias</strong></span> <span class='ocrx_word' id='word_1_159' title='bbox 626 3293 841 3387; x_wconf 89' lang='lat' dir='ltr'><strong>levioresque</strong></span> <span class='ocrx_word' id='word_1_160' title='bbox 869 3306 963 3366; x_wconf 89' lang='lat' dir='ltr'><strong>artes</strong></span> <span class='ocrx_word' id='word_1_161' title='bbox 991 3295 1128 3376; x_wconf 89' lang='lat' dir='ltr'><strong>attinet,</strong></span> <span class='ocrx_word' id='word_1_162' title='bbox 1147 3293 1229 3385; x_wconf 90' lang='lat' dir='ltr'><strong>quid</strong></span> <span class='ocrx_word' id='word_1_163' title='bbox 1250 3294 1396 3363; x_wconf 87' lang='lat' dir='ltr'><strong>senserit</strong></span> 
     </span>
     <span class='ocr_line' id='line_1_23' title="bbox 236 3418 1395 3526; baseline -0.001 -39"><span class='ocrx_word' id='word_1_164' title='bbox 236 3433 241 3440; x_wconf 86' lang='lat'>&#39;</span> <span class='ocrx_word' id='word_1_165' title='bbox 326 3419 433 3492; x_wconf 87' lang='lat' dir='ltr'><strong>Vives</strong></span> <span class='ocrx_word' id='word_1_166' title='bbox 449 3443 519 3491; x_wconf 94' lang='lat' dir='ltr'><strong>non</strong></span> <span class='ocrx_word' id='word_1_167' title='bbox 539 3421 589 3490; x_wconf 91' lang='lat' dir='ltr'><strong>ita</strong></span> <span class='ocrx_word' id='word_1_168' title='bbox 614 3421 837 3514; x_wconf 83' lang='lat' dir='ltr'><strong>perspicuum</strong></span> <span class='ocrx_word' id='word_1_169' title='bbox 857 3429 928 3526; x_wconf 55' lang='lat' dir='ltr'><strong>estj</strong></span> <span class='ocrx_word' id='word_1_170' title='bbox 945 3430 1062 3492; x_wconf 88' lang='lat' dir='ltr'><strong>tamen</strong></span> <span class='ocrx_word' id='word_1_171' title='bbox 1074 3443 1134 3490; x_wconf 86' lang='lat' dir='ltr'><strong>eas</strong></span> <span class='ocrx_word' id='word_1_172' title='bbox 1151 3419 1254 3512; x_wconf 90' lang='lat' dir='ltr'><strong>parvi</strong></span> <span class='ocrx_word' id='word_1_173' title='bbox 1272 3418 1395 3488; x_wconf 83' lang='lat' dir='ltr'><strong>fecisse</strong></span> 
     </span>
    </p>

    <p class='ocr_par' dir='ltr' id='par_1_4' title="bbox 328 3545 637 3617">
     <span class='ocr_line' id='line_1_24' title="bbox 328 3545 637 3617; baseline -0.003 -2"><span class='ocrx_word' id='word_1_174' title='bbox 328 3545 470 3616; x_wconf 92' lang='lat' dir='ltr'><strong>omnino</strong></span> <span class='ocrx_word' id='word_1_175' title='bbox 489 3546 637 3617; x_wconf 89' lang='lat' dir='ltr'><strong>videtur.</strong></span> 
     </span>
    </p>

    <p class='ocr_par' dir='ltr' id='par_1_5' title="bbox 304 3669 1395 4141">
     <span class='ocr_line' id='line_1_25' title="bbox 373 3669 1394 3764; baseline 0.001 -26"><span class='ocrx_word' id='word_1_176' title='bbox 373 3670 493 3740; x_wconf 86' lang='lat' dir='ltr'><strong>Facile</strong></span> <span class='ocrx_word' id='word_1_177' title='bbox 507 3671 583 3764; x_wconf 87' lang='lat' dir='ltr'><strong>jam</strong></span> <span class='ocrx_word' id='word_1_178' title='bbox 600 3671 772 3764; x_wconf 86' lang='lat' dir='ltr'><strong>suspicari</strong></span> <span class='ocrx_word' id='word_1_179' title='bbox 792 3694 989 3764; x_wconf 72' lang='lat' dir='ltr'><strong>possumus</strong></span> <span class='ocrx_word' id='word_1_180' title='bbox 1012 3693 1120 3762; x_wconf 92' lang='lat' dir='ltr'><strong>quum</strong></span> <span class='ocrx_word' id='word_1_181' title='bbox 1143 3669 1234 3739; x_wconf 89' lang='lat' dir='ltr'><strong>hane</strong></span> <span class='ocrx_word' id='word_1_182' title='bbox 1258 3669 1394 3739; x_wconf 90' lang='lat' dir='ltr'><strong>institu-</strong></span> 
     </span>
     <span class='ocr_line' id='line_1_26' title="bbox 308 3794 1395 3889; baseline -0.001 -25"><span class='ocrx_word' id='word_1_183' title='bbox 308 3794 455 3864; x_wconf 87' lang='lat' dir='ltr'><strong>tionem</strong></span> <span class='ocrx_word' id='word_1_184' title='bbox 480 3796 555 3866; x_wconf 80' lang='lat' dir='ltr'><strong>fuse</strong></span> <span class='ocrx_word' id='word_1_185' title='bbox 580 3796 788 3889; x_wconf 86' lang='lat' dir='ltr'><strong>copioseque</strong></span> <span class='ocrx_word' id='word_1_186' title='bbox 806 3797 914 3866; x_wconf 87' lang='lat' dir='ltr'><strong>Vives</strong></span> <span class='ocrx_word' id='word_1_187' title='bbox 933 3795 1153 3889; x_wconf 83' lang='lat' dir='ltr'><strong>explicuerit,</strong></span> <span class='ocrx_word' id='word_1_188' title='bbox 1183 3801 1395 3887; x_wconf 87' lang='lat' dir='ltr'><strong>quantopere</strong></span> 
     </span>
     <span class='ocr_line' id='line_1_27' title="bbox 304 3919 1394 4014; baseline 0 -26"><span class='ocrx_word' id='word_1_189' title='bbox 304 3919 387 3988; x_wconf 72' lang='lat' dir='ltr'><strong>,illa</strong></span> <span class='ocrx_word' id='word_1_190' title='bbox 405 3919 575 3990; x_wconf 93' lang='lat' dir='ltr'><strong>librorum</strong></span> <span class='ocrx_word' id='word_1_191' title='bbox 595 3930 753 4014; x_wconf 87' lang='lat' dir='ltr'><strong>portenta</strong></span> <span class='ocrx_word' id='word_1_192' title='bbox 778 3922 1035 4014; x_wconf 89' lang='lat' dir='ltr'><strong>contempserit,</strong></span> <span class='ocrx_word' id='word_1_193' title='bbox 1054 3943 1131 4013; x_wconf 88' lang='lat' dir='ltr'><strong>quae</strong></span> <span class='ocrx_word' id='word_1_194' title='bbox 1157 3943 1217 4012; x_wconf 90' lang='lat' dir='ltr'><strong>per</strong></span> <span class='ocrx_word' id='word_1_195' title='bbox 1242 3919 1394 3989; x_wconf 90' lang='lat' dir='ltr'><strong>medium</strong></span> 
     </span>
     <span class='ocr_line' id='line_1_28' title="bbox 323 4046 1395 4141; baseline -0.002 -25"><span class='ocrx_word' id='word_1_196' title='bbox 323 4070 440 4118; x_wconf 90' lang='lat' dir='ltr'><strong>aevum</strong></span> <span class='ocrx_word' id='word_1_197' title='bbox 463 4047 505 4118; x_wconf 91' lang='lat' dir='ltr'><strong>de</strong></span> <span class='ocrx_word' id='word_1_198' title='bbox 525 4047 625 4118; x_wconf 91' lang='lat' dir='ltr'><strong>bellis</strong></span> <span class='ocrx_word' id='word_1_199' title='bbox 645 4056 680 4119; x_wconf 92' lang='lat' dir='ltr'><strong>et</strong></span> <span class='ocrx_word' id='word_1_200' title='bbox 703 4049 880 4119; x_wconf 90' lang='lat' dir='ltr'><strong>amoribus</strong></span> <span class='ocrx_word' id='word_1_201' title='bbox 895 4056 966 4139; x_wconf 91' lang='lat' dir='ltr'><strong>tam</strong></span> <span class='ocrx_word' id='word_1_202' title='bbox 986 4046 1196 4141; x_wconf 89' lang='lat' dir='ltr'><strong>pervulgata</strong></span> <span class='ocrx_word' id='word_1_203' title='bbox 1222 4055 1395 4139; x_wconf 89' lang='lat' dir='ltr'><strong>praecepta</strong></span> 
     </span>
    </p>

    <p class='ocr_par' dir='ltr' id='par_1_6' title="bbox 235 4171 1486 4639">
     <span class='ocr_line' id='line_1_29' title="bbox 325 4171 1389 4265; baseline 0.001 -25"><span class='ocrx_word' id='word_1_204' title='bbox 325 4171 570 4242; x_wconf 86' lang='lat' dir='ltr'><strong>decantabant.</strong></span> <span class='ocrx_word' id='word_1_205' title='bbox 602 4173 654 4244; x_wconf 89' lang='lat' dir='ltr'><strong>De</strong></span> <span class='ocrx_word' id='word_1_206' title='bbox 687 4174 822 4244; x_wconf 90' lang='lat' dir='ltr'><strong>cunctis</strong></span> <span class='ocrx_word' id='word_1_207' title='bbox 852 4173 991 4265; x_wconf 89' lang='lat' dir='ltr'><strong>quidem</strong></span> <span class='ocrx_word' id='word_1_208' title='bbox 1020 4171 1090 4242; x_wconf 89' lang='lat' dir='ltr'><strong>illis</strong></span> <span class='ocrx_word' id='word_1_209' title='bbox 1128 4201 1143 4236; x_wconf 91' lang='lat'>«</span> <span class='ocrx_word' id='word_1_210' title='bbox 1174 4171 1389 4263; x_wconf 84' lang='lat' dir='ltr'><strong>pestiferis»</strong></span> 
     </span>
     <span class='ocr_line' id='line_1_30' title="bbox 325 4296 1486 4389; baseline -0.001 -24"><span class='ocrx_word' id='word_1_211' title='bbox 325 4298 449 4366; x_wconf 88' lang='lat' dir='ltr'><strong>naeniis</strong></span> <span class='ocrx_word' id='word_1_212' title='bbox 463 4296 513 4367; x_wconf 90' lang='lat' dir='ltr'><strong>ita</strong></span> <span class='ocrx_word' id='word_1_213' title='bbox 532 4320 649 4368; x_wconf 91' lang='lat' dir='ltr'><strong>severe</strong></span> <span class='ocrx_word' id='word_1_214' title='bbox 669 4298 853 4382; x_wconf 90' lang='lat' dir='ltr'><strong>sentiebat,</strong></span> <span class='ocrx_word' id='word_1_215' title='bbox 875 4305 914 4369; x_wconf 91' lang='lat' dir='ltr'><strong>ut</strong></span> <span class='ocrx_word' id='word_1_216' title='bbox 933 4297 1122 4367; x_wconf 91' lang='lat' dir='ltr'><strong>acervatim</strong></span> <span class='ocrx_word' id='word_1_217' title='bbox 1150 4296 1388 4389; x_wconf 85' lang='lat' dir='ltr'><strong>prohibendae,</strong></span> <span class='ocrx_word' id='word_1_218' title='bbox 1482 4310 1486 4317; x_wconf 83' lang='lat'>&#39;</span> 
     </span>
     <span class='ocr_line' id='line_1_31' title="bbox 235 4422 1389 4518; baseline -0.004 -23"><span class='ocrx_word' id='word_1_219' title='bbox 235 4497 239 4504; x_wconf 70' lang='grc'><strong>,</strong></span> <span class='ocrx_word' id='word_1_220' title='bbox 324 4432 359 4495; x_wconf 90' lang='lat' dir='ltr'><strong>et</strong></span> <span class='ocrx_word' id='word_1_221' title='bbox 373 4426 486 4497; x_wconf 90' lang='lat' dir='ltr'><strong>medio</strong></span> <span class='ocrx_word' id='word_1_222' title='bbox 503 4426 715 4509; x_wconf 85' lang='lat' dir='ltr'><strong>auferendae,</strong></span> <span class='ocrx_word' id='word_1_223' title='bbox 734 4425 878 4518; x_wconf 92' lang='lat' dir='ltr'><strong>ignique</strong></span> <span class='ocrx_word' id='word_1_224' title='bbox 895 4425 969 4495; x_wconf 90' lang='lat' dir='ltr'><strong>sine</strong></span> <span class='ocrx_word' id='word_1_225' title='bbox 984 4423 1187 4516; x_wconf 81' lang='lat' dir='ltr'><strong>exceptione</strong></span> <span class='ocrx_word' id='word_1_226' title='bbox 1203 4422 1276 4492; x_wconf 91' lang='lat' dir='ltr'><strong>nlla</strong></span> <span class='ocrx_word' id='word_1_227' title='bbox 1291 4445 1389 4492; x_wconf 89' lang='lat' dir='ltr'><strong>eom-</strong></span> 
     </span>
     <span class='ocr_line' id='line_1_32' title="bbox 326 4546 1390 4639; baseline -0.003 -22"><span class='ocrx_word' id='word_1_228' title='bbox 326 4548 490 4619; x_wconf 84' lang='lat' dir='ltr'><strong>burendae</strong></span> <span class='ocrx_word' id='word_1_229' title='bbox 518 4573 594 4620; x_wconf 91' lang='lat' dir='ltr'><strong>esse</strong></span> <span class='ocrx_word' id='word_1_230' title='bbox 619 4549 833 4620; x_wconf 91' lang='lat' dir='ltr'><strong>viderentur.</strong></span> <span class='ocrx_word' id='word_1_231' title='bbox 853 4549 928 4626; x_wconf 78' lang='lat' dir='ltr'><strong>Quo</strong></span> <span class='ocrx_word' id='word_1_232' title='bbox 960 4547 1156 4639; x_wconf 87' lang='lat' dir='ltr'><strong>in&#39;genere,</strong></span> <span class='ocrx_word' id='word_1_233' title='bbox 1185 4569 1334 4638; x_wconf 87' lang='lat' dir='ltr'><strong>quum«.</strong></span> <span class='ocrx_word' id='word_1_234' title='bbox 1356 4546 1390 4614; x_wconf 90' lang='lat' dir='ltr'><strong>iu</strong></span> 
     </span>
    </p>
   </div>
   <div class='ocr_carea' id='block_1_3' title="bbox 0 0 1722 5404">
    <p class='ocr_par' dir='ltr' id='par_1_7' title="bbox 0 0 1722 5404">
     <span class='ocr_line' id='line_1_33' title="bbox 0 0 1722 5404; baseline 0 0"><span class='ocrx_word' id='word_1_235' title='bbox 0 0 1722 5404; x_wconf 95' lang='lat' dir='ltr'><strong> </strong></span> 
     </span>
    </p>
   </div>
  </div>
 </body>
</html>
