3436 5404
726 1254 884 1327 CAPUT
921 1256 951 1326 ll

296 1649 403 1746 Quae
431 1649 523 1724 sit«
547 1648 824 1723 Institutionis
853 1646 1041 1721 foeminae
1072 1647 1314 1722 christianae
1342 1676 1359 1715 »

589 1823 757 1875 summa
782 1799 1067 1896 explicabitur.
1106 1846 1110 1855 -

345 2090 393 2160 Ut
412 2092 644 2164 aeunabulis
677 2093 764 2186 ipsis
793 2101 950 2187 oportere
983 2100 1156 2166 oratorem
1179 2091 1362 2163 informari

297 2214 458 2285 censebat
484 2214 543 2285 ille
562 2216 702 2307 quidem
730 2217 882 2305 Fabius3
918 2219 969 2288 sio
987 2218 1030 2287 ab
1056 2213 1257 2308 unguiculis
1288 2236 1364 2306 pro·

297 2339 405 2422 tinne,
424 2362 467 2409 ne
481 2339 639 2410 dieamus
654 2340 737 2411 dum
754 2340 857 2413 foetus
875 2343 989 2413 adhue
1006 2342 1040 2410 in
1056 2339 1199 2411 officina
1225 2347 1363 2409 naturae

247 2547 248 2550 Ἴ
297 2464 454 2556 fingitur,
505 2487 644 2536 necesso
677 2489 752 2537 esse
799 2466 952 2560 puellam
1004 2467 1139 2538 institui
1178 2465 1364 2537 existimat

297 2588 415 2658 Vives.

345 2715 441 2806 Ergo
475 2715 592 2785 statim
625 2722 664 2786 ut
691 2723 774 2786 nata
807 2725 872 2802 est,
903 2719 981 2811 jam
1011 2717 1078 2788 erit
1115 2715 1363 2786 attendendum

296 2840 585 2930 quemadmodum
601 2842 790 2925 nutriatur,
814 2843 979 2935 quoniam
995 2843 1030 2912 in
1051 2843 1118 2913 hao
1134 2841 1280 2912 maximi
1296 2863 1365 2910 mo-

296 2965 402 3035 menti
419 2988 455 3035 re
476 2988 545 3035 non
572 2967 765 3039 timendum
788 2975 853 3051 est,
881 2991 923 3038 ne
948 2975 1108 3062 parentes
1123 2967 1364 3060 diligentiores

295 3114 369 3162 esse
389 3092 586 3163 videantur.
610 3094 790 3188 Principio
824 3117 893 3164 non
920 3095 1076 3165 tradetur
1100 3094 1273 3164 nescimus
1307 3092 1363 3163 oui

296 3218 522 3288 mercenariae
547 3219 686 3305 nutrici,
712 3242 900 3312 namque«
925 3219 1118 3289 dimidiatae
1148 3247 1163 3281 »
1184 3241 1263 3288 vere
1283 3226 1364 3288 sunt

295 3349 422 3414 matres
438 3367 489 3414 eae
514 3374 529 3408 o
552 3367 630 3436 quae
650 3345 792 3437 pariunt
815 3352 950 3415 tantum
967 3345 1021 3437 (l)
1040 3374 1072 3429 n,
1096 3343 1363 3436 necquidquam

296 3475 368 3538 tam
396 3476 517 3540 eontra
545 3476 705 3540 naturam
725 3477 804 3555 est,
839 3493 943 3562 qnam
973 3477 1012 3541 ut
1049 3468 1188 3553 mulier,
1218 3468 1252 3536 id
1272 3468 1365 3560 qnod

297 3595 431 3686 genuit,
450 3594 543 3665 alere
560 3604 706 3666 recuset.
735 3595 802 3665 Sed
824 3605 981 3666 materno
1001 3594 1115 3666 aletur
1133 3595 1237 3676 lacte,
1257 3614 1363 3685 quum

297 3721 356 3788 vix
384 3720 574 3812 quidquam
609 3719 719 3805 aliud,
757 3719 811 3791 vel
846 3721 890 3790 ad
928 3720 1084 3814 corporis
1123 3719 1363 3791 salubritatem

297 3846 576 3938 firmitatemque,
604 3845 659 3916 vel
679 3846 722 3916 ad
743 3846 852 3917 animi
868 3868 981 3916 mores
1006 3845 1241 3937 indolemque,
1264 3867 1365 3936 aeque

298 3969 424 4041 valeat.
442 3971 568 4042 Nonne
583 3978 752 4064 praeterea
774 3993 874 4042 suam
889 3994 964 4042 esse
979 3955 1089 4040 iiliam
1111 3969 1229 4040 verius
1249 3968 1366 4039 credet

297 4101 409 4164 mater
428 4093 540 4177 illam,
559 4117 662 4187 quarn
683 4116 752 4164 non
768 4095 804 4165 in
820 4105 918 4165 utero
938 4103 1074 4165 tantum
1090 4094 1242 4186 gestavit
1261 4101 1365 4184 atque
1434 4145 1435 4150 η

298 4219 444 4311 peperit,
474 4220 534 4290 sed
578 4219 683 4290 etiam
717 4220 773 4290 oui
818 4219 1003 4312 sanguinis
1041 4221 1193 4310 vitaeque
1231 4223 1364 4311 partem

298 4345 506 4427 transmisit,
529 4345 584 4415 oui
605 4345 755 4438 primum
780 4345 905 4417 leniter
924 4344 1043 4414 arrisit
1066 4352 1100 4414 et
1125 4343 1282 4415 blandita
1297 4354 1362 4423 est,

329 4540 363 4602 (l)
379 4540 486 4591 Erasm.
504 4541 546 4589 De
557 4553 640 4602 puer.
655 4545 720 4589 stat.
735 4553 769 4590 oc
781 4540 828 4590 tib.
846 4540 1030 4598 instituenti,
1045 4539 1073 4588 T.
1091 4539 1152 4604 inp.
1170 4537 1224 4588 494,
