3436 5404
790 584 948 644 ..48-

344 759 627 832 collocandorum
642 757 676 826 in
697 777 855 826 sermone
871 754 1029 836 scientia,
1061 766 1095 824 et
1114 753 1234 823 eadem
1255 753 1404 824 dilucide

341 885 589 978 enucleateque
616 882 780 976 loquendi
800 886 973 973 praecepta
996 879 1126 965 tradat,
1143 885 1178 950 et
1192 880 1310 950 omnia
1324 902 1404 949 am-

340 1010 561 1108 plificationis
580 1005 1009 1101 generacomprehendat,
1022 1005 1286 1098 figurarumque
1296 1005 1407 1076 fontes

342 1138 490 1232 aperiat,
522 1135 612 1207 unde
637 1132 788 1204 orationi
811 1131 1000 1226 praecipuae
1019 1153 1101 1223 opes
1126 1131 1404 1224 suppeditantur.

392 1262 537 1334 Rectius
560 1283 643 1330 sane
669 1259 802 1352 respuit
823 1263 857 1327 et
880 1256 1075 1350 pronihilo
1097 1257 1233 1350 putavit
1251 1254 1409 1327 dialecti-

346 1413 436 1474 cam,
454 1411 524 1481 qua
543 1410 604 1480 per
624 1385 775 1456 medium
794 1406 908 1454 aevum
933 1391 1005 1453 tem
1030 1382 1257 1453 immoderate
1272 1383 1410 1474 quidem

346 1525 487 1606 tamque
506 1513 621 1582 odiose
649 1511 805 1581 doctores
838 1509 935 1579 abusi
960 1515 1071 1578 erant.
1100 1507 1189 1585 Quid
1210 1530 1252 1578 ea
1274 1507 1316 1576 ab
1337 1514 1411 1577 arte

345 1637 598 1731 expectandum
613 1643 716 1718 esset,
725 1635 800 1727 jam
816 1634 1039 1728 perspicuum
1050 1639 1126 1703 erat
1140 1640 1174 1703 et
1188 1633 1279 1704 inter
1293 1653 1412 1702 omnes
1476 1641 1478 1656 ‘

348 1762 531 1833 constabat
539 1786 548 1851 3
580 1760 706 1852 quippe
737 1781 815 1850 quae
847 1764 997 1828 mentem
1026 1755 1152 1848 puellae
1172 1755 1408 1847 depravasset,

234 1980 237 1986 ¹
347 1874 543 1978 omissaque
562 1885 705 1956 omnino
716 1883 894 1975 cogitandi
914 1882 1094 1964 facultate,
1112 1881 1315 1952 memoriam
1334 1886 1412 1950 ten-

345 2021 420 2084 tum
440 2011 638 2092 excitasset,
664 2032 726 2079 nec
752 2007 860 2079 ullam
873 2007 999 2102 judicii
1025 2007 1196 2077 rationem
1217 2005 1408 2076 habuisset.
1506 2012 1509 2022 '

347 2139 404 2209 Sic
431 2136 632 2208 admirabili
662 2157 833 2206 consensu
862 2133 1012 2226 quodam
1031 2132 1139 2203 Vives
1167 2154 1246 2203 cum
1265 2132 1415 2203 Eresmo

347 2263 555 2355 quadrabat,
586 2283 693 2352 quum
722 2260 824 2330 aurbo
853 2280 1025 2350 nusquam
1053 2280 1122 2328 non
1161 2258 1417 2328 insectarentur

347 2387 561 2471 dialecticos,
583 2418 597 2451 «
619 2387 754 2455 rixosos
777 2414 792 2447 »
816 2384 977 2454 homines
1001 2382 1080 2454 illos
1104 2390 1138 2454 et
1161 2413 1177 2448 «
1200 2381 1362 2475 loquaces
1382 2410 1414 2465 u,

349 2511 408 2604 qui
440 2510 552 2581 tribus
585 2509 745 2580 instructi
779 2507 995 2602 syllogismis
1020 2529 1201 2600 nunquam
1221 2531 1288 2580 non
1304 2506 1418 2577 aude-

350 2637 434 2706 bant
453 2636 578 2727 quavis
611 2636 653 2706 de
686 2658 723 2707 re
753 2657 832 2705 cum
867 2633 992 2726 quovis
1011 2655 1155 2705 manum
1174 2656 1367 2719 conserere,
1385 2641 1419 2706 et

354 2789 369 2823 «
386 2759 497 2842 ideas,
512 2758 739 2842 universalia,
749 2758 880 2828 formas
889 2763 1082 2850 separatas,
1092 2757 1223 2850 primas
1235 2759 1414 2842 materias,

350 2885 575 2977 quidditateS,
608 2884 791 2955 ecceitates
813 2884 865 2973 (1)
885 2912 900 2946 n
933 2882 1051 2954 videre
1083 2890 1118 2953 et
1150 2883 1347 2976 intelligere
1379 2907 1416 2954 sc

353 3010 605 3104 praedicabant.

398 3117 575 3228 Praeterea
586 3136 769 3206 historiam
781 3135 866 3205 viris
876 3157 978 3228 paene
990 3134 1254 3228 relinquendam
1268 3137 1416 3228 putavit,

351 3261 567 3354 quamvisin
583 3261 654 3332 alia
668 3261 783 3354 operis
794 3267 891 3354 parte
906 3259 1129 3332 delibandam
1141 3267 1278 3331 tantum
1294 3261 1420 3354 puellis

352 3409 475 3480 passus
506 3387 563 3458 sit.
601 3386 816 3457 Praeclaram
848 3385 1013 3456 nimirum
1043 3386 1266 3480 sapientiam,
1284 3386 1420 3458 caeteris

341 3533 420 3600 'non
444 3511 527 3582 item
548 3509 782 3605 probandam!
815 3511 977 3603 Namque
1006 3511 1037 3581 si
1061 3510 1128 3581 fuit
1152 3533 1306 3604 unquam
1330 3511 1421 3582 inter

351 3657 471 3708 omnes
500 3636 588 3708 alias
607 3635 688 3732 julla
715 3635 886 3711 doctrina.
923 3658 992 3728 qua
1020 3646 1153 3709 mentes
1175 3637 1421 3731 quamoptime

353 3760 442 3854 fingi
462 3767 614 3856 possent,
633 3769 725 3834 certe
744 3769 924 3855 gestarum
946 3784 1076 3846 rerum,
1095 3771 1303 3856 temporum,
1321 3763 1420 3835 loco-

356 3909 447 3969 rum,
478 3887 553 3958 heec
586 3887 731 3957 scientia
762 3895 828 3970 est,
865 3910 970 3979 quam
1000 3888 1081 3958 vitae
1113 3890 1319 3982 magistram
1349 3889 1422 3960 sine

342 4011 738 4104 ‹controversia-dixeris
1159 4023 1161 4028 “

407 4138 659 4210 Mathematica
673 4161 753 4209 vero
765 4161 850 4209 num
863 4141 1091 4232 opportunius
1102 4162 1169 4210 non
1184 4140 1286 4210 modo
1301 4163 1421 4234 parve,

360 4265 420 4335 sed
437 4265 544 4335 serme
560 4264 673 4334 nihilo
689 4265 830 4351 duxisse
847 4265 908 4332 tibi
929 4266 1066 4336 videtur
1079 4268 1092 4335 l
1112 4267 1280 4344 Quamvis
1296 4288 1425 4336 arcana

389 4483 425 4547 (1)
443 4482 553 4533 Erasm.
572 4484 674 4533 Morio?
692 4487 865 4534 encomium.
879 4486 999 4534 Passim.
