3436 5404
751 634 908 697 ..37-

272 801 433 900 lateque
470 799 659 870 fluentibus
695 799 840 884 tunicis,
873 800 998 891 quibus
1037 799 1151 892 potius
1191 799 1359 872 ostentari

294 949 397 1019 quam
427 927 499 1018 tegi
532 947 659 1017 corpus
683 925 842 1015 videtur;
876 925 935 995 sed
951 947 1057 1016 quam
1082 925 1358 1019 simplicissimas

294 1052 414 1122 induet
431 1057 541 1121 vestes
555 1071 633 1142 quae
652 1052 815 1120 inornata
842 1050 1014 1120 munditia
1038 1051 1243 1121 modestiam
1261 1052 1360 1123 redo-

294 1175 402 1246 leant.
435 1175 511 1245 Nec
540 1173 654 1266 magis
675 1173 772 1244 decet
790 1174 867 1267 ejus
890 1173 1020 1266 digitos
1035 1175 1184 1266 gemmis
1204 1177 1358 1258 onerari,

293 1322 465 1392 auresque
489 1299 538 1368 ita
558 1297 743 1390 perforari,
766 1306 804 1369 ut
827 1297 1034 1368 voluntariis
1053 1307 1088 1369 et
1107 1307 1182 1370 arte
1205 1301 1363 1392 quaesitis

293 1423 525 1509 cicatricibus
555 1421 729 1493 nescimus
753 1423 854 1515 cujus
880 1401 1075 1492 ornamenti
1089 1444 1198 1506 more,
1221 1444 1363 1516 marga-

294 1549 371 1619 ritae
382 1547 609 1642 dependeant.
627 1547 769 1617 Etenim
784 1569 892 1639 quum
907 1570 969 1617 nec
989 1547 1032 1618 ad
1048 1548 1221 1632 decorem,
1242 1571 1304 1618 nec
1319 1547 1363 1618 ad

296 1673 462 1744 virtutem
486 1673 730 1767 hujuscemodi
758 1671 930 1744 illecebrae
950 1681 1118 1766 spectent,
1150 1673 1232 1766 quid
1253 1673 1364 1766 igitur

198 1855 200 1860 .
296 1799 497 1891 significant
529 1807 563 1869 et
592 1808 664 1868 tam
697 1807 816 1890 aperte
845 1799 1147 1870 ostenduntlJam
1176 1798 1364 1869 crudelitas

296 1924 552 2017 quodammodo
571 1931 635 2004 est,
663 1946 771 2017 quum
792 1946 999 2017 quemquam
1026 1924 1150 2008 alium,
1175 1930 1250 1994 tum
1283 1945 1364 1995 vero

298 2055 424 2118 natura
438 2021 559 2118 mitem
574 2054 609 2118 et
622 2046 883 2118 misericordem
899 2046 1051 2140 puellam
1071 2067 1158 2118 auro
1176 2047 1276 2140 quasi
1296 2046 1364 2118 ful-

297 2195 393 2265 gere,
436 2194 543 2265 quum
572 2171 660 2242 alias
693 2172 793 2244 multi
828 2173 916 2244 forte
954 2196 1023 2243 non
1052 2173 1167 2244 desint
1193 2172 1252 2265 qui
1285 2195 1364 2244 esu-

296 2299 389 2368 riant
408 2297 475 2390 (l).

343 2423 434 2500 Quid
464 2423 683 2494 existimaret
720 2424 762 2494 de
792 2423 981 2516 unguentis
1010 2446 1100 2515 quae,
1135 2431 1174 2492 ut
1210 2429 1359 2506 constat,

294 2549 465 2619 curiosius
491 2549 672 2640 requirunt
697 2548 833 2642 puellae,
857 2549 1069 2642 lepidissime
1097 2547 1198 2617 dixit.
1221 2548 1361 2619 Etenim

295 2679 333 2744 ut
360 2673 557 2768 squalorem
582 2683 616 2745 et
643 2674 776 2746 sordes
793 2674 1034 2768 reprehendit,
1066 2675 1191 2766 quibus
1226 2694 1362 2745 morum

294 2799 443 2870 civilitas
477 2801 553 2892 jure
591 2801 800 2892 offenditur3
836 2802 886 2870 sic
925 2800 1068 2871 illorum
1105 2822 1205 2871 usum
1239 2800 1363 2893 probat

293 2924 440 3002 odorum
455 2927 578 3018 quibus
598 2949 724 3019 corpus
739 2926 838 3018 quasi
861 2948 930 2996 non
955 2924 1072 2997 inutili
1095 2925 1270 2995 medicina
1285 2924 1363 2994 refi-

294 3051 397 3134 citur,
419 3051 571 3121 alacrior
595 3051 635 3120 fit
659 3059 693 3122 et
722 3052 992 3144 expergiscitur.
1020 3034 1187 3122 Attamen
1211 3050 1363 3121 maxime

294 3175 487 3246 cavendum
515 3169 643 3246 eritne
671 3177 886 3247 consuetudo
905 3199 960 3258 ea,
992 3199 1099 3268 quum
1129 3174 1219 3246 nihil
1252 3198 1363 3269 perse

294 3297 421 3369 habeat
439 3299 531 3391 quod
549 3299 635 3370 adeo
651 3300 987 3392 sitvituperandum‚
1003 3306 1038 3369 et
1053 3299 1158 3369 nimis
1173 3299 1359 3393 exquisita,

294 3429 340 3506 et,
356 3432 394 3495 ut
410 3425 459 3494 ita
474 3424 645 3507 dicamus
668 3425 791 3517 putida
810 3426 855 3495 sit
873 3447 880 3495 :
895 3424 1109 3519 jampridem
1136 3447 1260 3517 nempe
1274 3423 1362 3495 illud

294 3545 330 3616 in
350 3548 531 3641 proverbio
551 3556 615 3633 est,
640 3573 719 3620 eam
750 3557 842 3620 recte
862 3549 955 3621 olere
976 3549 1156 3620 mulierem
1176 3572 1254 3641 quae
1274 3550 1363 3620 nihil

295 3673 364 3744 olet
378 3672 446 3765 (2).

343 3800 463 3891 ltaque
483 3823 550 3870 non
575 3801 649 3870 sine
675 3800 767 3871 bella
794 3801 906 3871 ironia
926 3801 1051 3892 quaerit
1072 3801 1158 3892 quid
1179 3801 1363 3872 meditetur

295 3946 363 3993 non
378 3924 455 4017 jam
478 3924 589 3994 inscia
609 3947 730 3996 verum
746 3924 876 4017 puella,
893 3947 971 4017 quae
991 3923 1111 3994 doloso
1129 3926 1308 4016 pigmento
1324 3948 1362 3995 se

294 4048 410 4130 illinit,
434 4030 582 4119 necnon
603 4050 670 4120 levi
690 4050 839 4142 pictura,
872 4072 915 4120 ne
947 4049 1105 4120 dicamus
1125 4055 1256 4133 crusta,
1276 4048 1362 4120 deli-

295 4173 470 4245 catissime
494 4175 713 4266 secooperit.
747 4175 881 4266 Nempe
905 4173 970 4244 soli
1005 4173 1142 4267 placere
1173 4173 1240 4244 sibi
1261 4173 1361 4245 vult?
1466 4192 1468 4198 ’

296 4297 435 4369 Puerile
464 4298 528 4370 hoc
558 4299 696 4390 quidem
731 4298 800 4370 est!
832 4300 965 4392 Nempe
999 4299 1085 4368 viris
1116 4300 1294 4369 venustior
1319 4323 1359 4368 ac

329 4502 362 4561 (l)
381 4501 443 4550 Viv.
456 4504 497 4550 Dc
510 4504 585 4551 Insl.
596 4505 676 4562 soem.
690 4503 799 4558 christ..
817 4503 846 4552 T.
858 4503 897 4551 Il.
915 4503 948 4551 li.
965 4500 984 4549 l.
1000 4501 1028 4550 C.
1043 4501 1112 4550 Vlll.
1127 4517 1152 4565 p.
1165 4501 1220 4550 ott.

330 4591 363 4654 (2))
380 4591 409 4639 ld
433 4591 630 4654 lor'e.,p.oot.

1206 4693 1220 4743 ὃ
