3436 5404
809 620 967 680 ‚74-

364 779 595 884 efficerentur,
615 801 734 850 verum
754 780 860 850 etiam
883 810 899 844 «
929 760 1116 872 quamdam
1129 779 1419 852 silvestreitatem.

362 931 440 1006 quae
455 908 498 976 ad
519 905 724 978 salvandam
740 907 944 999 pudicitiam
964 935 980 970 n
999 907 1178 1000 aptissima
1197 913 1260 988 est,
1279 917 1422 996 coutrass

364 1033 499 1102 herent.
518 1032 584 1104 Sed
605 1054 710 1124 quum
727 1054 849 1126 parum
866 1031 981 1102 adhuc
999 1038 1090 1103 esset
1108 1055 1167 1102 eas
1183 1031 1255 1133 sub
1267 1028 1424 1126 custodia

361 1158 486 1242 teneri,
500 1157 637 1228 volebat
645 1158 785 1228 easdem
796 1158 946 1228 intentas
962 1181 1038 1228 esse
1049 1157 1092 1227 ad
1110 1188 1125 1222 n
1146 1157 1264 1250 aliqua
1273 1179 1378 1254 opera
1388 1186 1419 1243 n,

363 1283 446 1382 quia
463 1313 479 1347 «
497 1290 627 1367 texere,
648 1290 682 1352 et
696 1282 808 1366 filare,
825 1292 859 1353 et
874 1282 1010 1375 operari
1027 1282 1189 1364 sericum,
1205 1282 1291 1352 satis
1308 1281 1423 1352 videu-

363 1415 421 1479 tur
434 1431 540 1501 opera
559 1407 789 1501 competentia
815 1407 953 1477 feminis
986 1436 1018 1490 n,
1048 1413 1151 1500 atque
1167 1407 1202 1476 in
1218 1407 1287 1477 otio
1307 1407 1423 1482 vivere

367 1534 553 1616 nescirent,
584 1555 774 1626 earumque
801 1553 898 1602 mens
919 1562 945 1632 ¹«
977 1532 1071 1600 circa
1102 1530 1244 1602 illicitas
1268 1552 1421 1623 occupa-

363 1659 477 1728 tiones
500 1688 515 1720 »
549 1666 750 1750 vagaretur.
785 1658 884 1735 Quod
909 1657 937 1725 si
970 1663 1085 1726 tamen
1119 1679 1189 1726 uua
1222 1663 1283 1727 aut
1315 1655 1424 1750 altera

367 1813 382 1848 «
414 1784 450 1853 in
486 1783 556 1854 alto
587 1783 702 1876 gradu
733 1813 747 1845 n
788 1790 891 1868 esset,
935 1811 950 1844 (ι
980 1781 1151 1852 tradenda
1183 1789 1274 1878 esset
1309 1781 1424 1856 studio

365 1901 563 1979 litterarum
591 1909 657 2001 (l).
680 1938 695 1970 n
719 1909 767 1979 At
782 1908 884 2000 quale
900 1907 1068 1989 studium,
1086 1906 1143 1975 Dii
1161 1906 1264 1977 boui!

414 2063 429 2097 α
464 2032 613 2116 Sufficit,
636 2033 697 2116 ait,
721 2033 811 2127 quod
826 2031 912 2102 talia
932 2039 1172 2126 proponantur
1191 2053 1326 2121 grosse,
1343 2030 1426 2100 etin

365 2157 514 2250 quadam
544 2180 706 2228 summa:
728 2165 766 2229 ut
785 2158 874 2250 quod
896 2158 946 2228 eis
975 2157 1124 2238 dicatur,
1147 2156 1239 2248 quod
1259 2178 1349 2234 uuus
1373 2164 1427 2236 ,est

367 2283 461 2354 Deus
491 2285 709 2377 omnipotens
738 2290 874 2354 creator
902 2283 1071 2366 omnium,
1107 2281 1166 2373 qui
1195 2287 1248 2350 est
1269 2288 1368 2374 pater
1393 2291 1426 2351 et

358 2408 453 2480 filius
477 2415 511 2479 et
531 2409 675 2502 spiritus
697 2416 851 2479 sauctus.
878 2406 977 2485 Quod
1001 2405 1115 2476 Adam
1139 2405 1253 2498 primo
1285 2410 1426 2504 parente

365 2509 482 2604 nostro
511 2541 688 2626 peccante,
711 2542 745 2603 et
763 2533 918 2604 humano
934 2553 1060 2624 genere
1075 2553 1137 2624 per
1151 2538 1329 2623 peccatum
1349 2529 1427 2630 ejus

358 2659 502 2742 luscam,
520 2661 584 2732 Dei
600 2660 707 2746 filine,
731 2667 769 2730 ut
784 2682 845 2730 nos
865 2659 1062 2742 redimeret,
1084 2659 1273 2751 assumpsit
1287 2679 1426 2747 caruem

361 2787 398 2854 iu
419 2787 519 2856 beata
539 2785 704 2878 Virgine,
723 2793 757 2855 et
776 2793 827 2854 est
846 2793 950 2856 natus
970 2807 1013 2854 ex
1037 2784 1126 2876 ipsa.
1150 2783 1247 2874 Quod
1273 2783 1348 2875 ipse
1362 2782 1424 2872 Dei

357 2908 451 2979 filius
475 2917 616 3002 propter
637 2919 781 3002 peccata
812 2916 932 2980 nostra
960 2909 1027 2980 fnit
1052 2930 1186 3002 passus
1217 2881 1428 2978 mortuuset

361 3033 532 3126 sepultus.
560 3034 660 3112 Quod
687 3034 864 3112 descendit
891 3034 936 3103 ad
967 3033 1110 3116 insama,
1147 3039 1181 3103 et
1204 3032 1325 3103 eduxit
1348 3031 1428 3124 inde

359 3160 518 3254 captivas
560 3159 696 3229 animas
739 3159 786 3229 ibi
829 3159 1028 3229 existentes.
1073 3157 1172 3236 Quod
1214 3155 1333 3260 tertia·
1365 3155 1427 3246 .le

362 3285 555 3355 resurrexit
575 3308 597 3354 a
624 3285 785 3356 mortuis..
809 3284 907 3363 Quod
932 3283 1088 3354 ascendit
1107 3283 1143 3353 iu
1167 3279 1307 3366 coelum,
1334 3280 1428 3376 sedet

365 3409 409 3478 ad
438 3409 618 3480 dexteram
637 3409 701 3479 Dei
730 3409 851 3501 patris.
885 3409 984 3486 Quod
1022 3409 1148 3478 iterum
1177 3409 1344 3478 venturus
1376 3414 1428 3476 est

362 3534 407 3603 acl
434 3534 607 3627 judicium
643 3556 650 3604 ε
685 3540 719 3604 et
752 3556 872 3605 omnes
918 3555 1159 3626 resurgemus
1195 3538 1239 3601 etr
1261 3521 1429 3622 stabimus

365 3667 445 3730 ante
470 3659 626 3730 tribunal
644 3661 732 3751 ejus
755 3659 924 3730 reddituri
944 3659 986 3728 de
1010 3658 1111 3727 sactis
1142 3656 1301 3750 propriis
1316 3655 1429 3726 ratio·
1475 3667 1477 3671 ’

366 3810 468 3876 nem3
500 3787 550 3855 ita
579 3787 670 3878 quod
692 3773 762 3878 'qui
795 3786 885 3855 buna
913 3791 1073 3878 egerunt,
1114 3783 1214 3854 ibunt
1249 3783 1286 3852 iu
1322 3782 1429 3854 vitam

367 3920 557 3983 aeternam:
577 3911 635 4002 qui
652 3933 732 3981 vero
747 3910 853 3998 mala,
872 3911 1037 4001 inignem
1052 3916 1222 3980 aeternum
1239 3908 1305 4001 (2).
1338 3937 1353 3969 »

412 4039 450 4107 ln
484 4037 605 4108 eadem
638 4045 714 4107 erat
741 4036 925 4118 sententia,
952 4059 1021 4128 qua
1049 4035 1216 4128 AEgidius
1247 4032 1426 4115 Columna²

368 4163 585 4243 Gemonias
634 4162 690 4232 cui
729 4160 924 4254 puellarum
967 4167 1094 4231 natura
1140 4159 1227 4229 adeo
1275 4155 1433 4251 maligna
1493 4154 1496 4159 ’

402 4383 434 4444 (1)
451 4383 513 4445 AEg.
532 4382 679 4432 Columnae.
691 4383 732 4430 De
743 4385 813 4441 Rea.
825 4381 1008 4442 Principum.

431 4465 501 4512 Pars
518 4462 554 4512 ss.
573 4464 603 4512 L.
623 4463 659 4511 Il.
678 4463 707 4511 C.
721 4463 795 4514 XIX.
815 4462 876 4510 XX.
889 4476 915 4528 p.
930 4460 1042 4510 all-344.
1099 4499 1105 4511 .

402 4553 433 4612 (2)
449 4553 490 4600 ld.
509 4553 599 4612 lnr'rt„
613 4553 679 4600 Pars
693 4553 734 4601 ΙΙ.
756 4552 789 4599 1..
805 4550 844 4600 H.
866 4552 897 4598 u.
918 4552 953 4599 V.
970 4565 998 4614 p.
1012 4550 1078 4599 300.
