3436 5404
754 643 909 703 „77-

297 808 454 880 omnium
484 807 700 889 bonorum»,
728 805 777 875 ita
805 815 839 876 et
870 807 1056 877 «omnium
1085 795 1267 883 malorum·
1287 827 1363 878 esse

298 935 447 1008 ultorem
467 932 568 1025 (1).»
769 929 772 932 ’

347 1059 438 1138 Quid
448 1059 526 1152 jam
536 1064 656 1151 postea
665 1058 918 1151 expectandum
932 1068 1022 1130 esset
1032 1060 1075 1129 ab
1091 1059 1134 1128 iis
1145 1056 1272 1152 puellis
1286 1081 1364 1152 quae

298 1192 455 1254 atenera
474 1188 578 1252 aetate
597 1209 613 1246 «
636 1180 672 1251 in
696 1182 792 1253 molli
823 1183 906 1268 otio,
934 1183 1191 1272 saltationibus,
1214 1190 1248 1254 et
1271 1184 1365 1254 omni
1426 1257 1428 1261 ,

297 1306 384 1378 luxu
400 1306 596 1378 enutritae»
618 1305 847 1398 pessimisque
862 1306 1068 1400 disciplinis,
1086 1308 1122 1377 id
1141 1315 1194 1378 est
1212 1338 1228 1372 «
1242 1308 1366 1379 libidi-

298 1455 404 1516 num,
449 1430 727 1514 adulteriorum,
775 1431 1066 1515 fornicationum,
1111 1433 1365 1505 lenociniorum

300 1557 455 1629 historiis
470 1585 485 1619 »
509 1557 652 1628 imbutae
676 1565 789 1640 erant,
812 1558 935 1630 inutile
952 1566 1004 1630 est
1023 1558 1163 1653 longius
1179 1560 1364 1654 disserere,
1400 1539 1402 1544 ’

301 1706 408 1777 quum
434 1705 489 1753 res
509 1682 585 1775 ipsa
609 1683 695 1753 satis
720 1682 884 1754 declaret.
908 1684 1042 1778 Quippe
1067 1708 1146 1776 quae
1176 1684 1366 1756 simillimae

300 1812 473 1884 essentiis
494 1812 744 1905 AEgyptiorum
755 1811 909 1882 delubris
928 1835 1007 1904 quae
1028 1797 1112 1883 foris
1132 1813 1368 1906 pulcherrima

302 1946 415 2022 erant,
443 1944 479 2008 at
506 1937 598 2034 intra
623 1937 784 2030 parietes,
804 1961 865 2030 pro
889 1939 962 2008 Deo
990 1945 1050 2009 aut
1073 1913 1285 2022 «simiam»,
1308 1947 1369 2009 aut

266 2141 270 2149 ¹
307 2063 555 2144 «ciconiam»,
578 2068 640 2132 aut
667 2061 880 2147 «hircum»,
904 2072 965 2134 aut
980 2093 994 2127 α
1011 2063 1144 2134 selem»
1167 2065 1364 2135 servabant.

304 2192 419 2268 Quare
438 2210 571 2260 meram
596 2211 715 2258 earum
740 2187 914 2280 colloquia
941 2189 1125 2259 stultitiam
1151 2189 1365 2260 redolebant.

304 2313 352 2383 Ut
370 2311 463 2383 enim
482 2310 658 2404 principes
679 2311 721 2380 de
742 2310 899 2394 canibuS,
922 2311 964 2381 de
984 2312 1179 2396 venatione,
1207 2311 1248 2382 de
1268 2311 1368 2382 silvae

304 2437 449 2520 ambitu,
466 2436 507 2506 de
523 2435 713 2508 lustrorum
731 2436 892 2528 ambage,
912 2436 1021 2508 multa
1036 2437 1172 2529 garrire
1187 2436 1368 2524 solebant;

304 2562 445 2633 siciliae
466 2560 555 2630 nihil
586 2558 681 2632 aliud
704 2562 869 2654 agebant,
894 2542 959 2632 nisi
988 2562 1240 2646 obtrectabant,
1263 2561 1369 2632 fanda

305 2684 524 2777 nefandaque
556 2683 773 2768 effutiebant,
817 2669 920 2755 vera¹
943 2684 1040 2756 falsis
1084 2687 1368 2770 commiscebant,

306 2811 602 2904 otiosissimosque
646 2834 822 2882 sermones
866 2811 1070 2905 plerumque
1118 2814 1366 2906 producebant.

305 2939 467 3029 Namque
479 2935 568 3007 nihil
588 2935 684 3008 aliud
704 2937 884 3031 antiquius
902 2939 1089 3040 habebant,
1109 2960 1214 3030 quam
1230 2947 1268 3010 ut
1286 2937 1371 3008 lon-¹

307 3063 453 3155 gissime
473 3062 768 3156 scientissimeque
783 3063 1003 3158 disputarent
1021 3093 1035 3127 α
1051 3063 1223 3156 quomodo
1238 3085 1373 3156 compo-

309 3188 424 3258 nenda
452 3210 564 3271 coma,
593 3187 765 3279 quomodo
789 3188 971 3280 pertende,
1004 3188 1176 3280 quomodo
1215 3188 1374 3281 tingendi

308 3311 440 3402 capilli,
456 3311 630 3402 quomodo
649 3310 808 3381 fricando
828 3311 947 3398 facies,
967 3311 1116 3403 qualiter
1136 3309 1377 3404 complicanda

309 3439 429 3522 vestis,
448 3462 519 3531 qua
537 3461 662 3532 pompa
679 3439 920 3523 incedendum,
944 3440 1213 3532 assurgendum,
1240 3439 1378 3510 decum-

310 3563 460 3635 bendum
470 3586 479 3652 ;
498 3563 623 3656 quibus
638 3587 706 3656 quo
723 3564 918 3635 restitutas
938 3593 953 3627 u
973 3571 1062 3634 esset
1080 3594 1096 3629 «
1111 3565 1284 3647 incedere,
1298 3587 1378 3658 quae

311 3691 435 3783 quibus
463 3689 538 3761 loco
567 3692 718 3762 cedere»
749 3692 929 3776 deberent,
962 3699 1076 3784 «quot
1095 3691 1380 3762 inclinationibus

311 3817 478 3899 salutare,
497 3838 577 3908 quae
593 3816 635 3886 ad
654 3839 802 3908 quorum
818 3815 939 3888 oscula
956 3817 1073 3887 venire
1093 3818 1146 3888 fas
1175 3824 1236 3888 aut
1250 3817 1348 3889 nefas
1362 3848 1377 3881 ›‚

313 3955 416 4029 esset,
443 3975 458 4009 u
473 3967 553 4036 quae
569 3945 680 4028 asin0,
703 3969 783 4037 quae
803 3968 904 4038 equo,
927 3969 1006 4038 quae
1031 3945 1131 4031 sella,
1156 3969 1235 4038 quae
1260 3965 1378 4029 curru,

309 4093 394 4162 quae
409 4069 534 4141 lectica
549 4069 629 4140 vehi
648 4099 664 4134 o
692 4079 880 4163 oporteret,
912 4094 994 4164 quae
1022 4094 1162 4156 aurum,
1190 4094 1269 4164 quae
1285 4093 1383 4164 gem·

311 4217 404 4282 mas,
432 4217 512 4288 quae
535 4191 696 4278 corallia,
724 4218 803 4286 quae
835 4203 987 4288 torques,
1015 4218 1093 4288 quae
1119 4197 1275 4281 inaurea
1303 4219 1382 4289 quae

350 4459 388 4522 tl)
404 4458 517 4532 Erasmu.
538 4459 657 4516 Christ,
672 4459 797 4509 matrim.
811 4461 896 4520 Inst,
908 4459 939 4534 Τ.
959 4462 991 4510 Τ,
1008 4475 1033 4524 p.
1052 4461 1109 4512 594.

1210 4579 1243 4638 tt]
