3436 5404
688 732 691 740 ,
788 689 948 753 ..ω-

328 857 462 952 Magna
482 857 615 952 ingenii
626 855 834 928 documenta
848 857 915 928 hoc
929 857 993 928 sub
1010 863 1223 951 praeceptore
1233 857 1394 953 praebuit,

330 1007 478 1078 namque
501 985 609 1057 latine
631 983 796 1078 loquendi
821 983 1053 1076 peritissimus
1082 983 1206 1068 evasit,
1235 985 1397 1078 quamvis

330 1110 482 1203 antiquis
501 1110 668 1182 doctrinis
687 1110 802 1181 adhuc
819 1109 951 1180 faveret
969 1107 1179 1200 Amiguetus
1195 1133 1236 1181 ac
1256 1110 1399 1183 invehe-

331 1240 426 1305 retur
440 1235 476 1306 in
495 1233 687 1306 Antonium
710 1234 976 1332 Nebrissensem
1004 1231 1120 1318 illum,
1148 1257 1251 1326 quem
1267 1233 1400 1306 Acade-

329 1361 408 1432 miae
455 1391 470 1426 «
493 1361 795 1455 Complutensis...
841 1361 1061 1455 praecipuum
1101 1365 1346 1430 ornamentum
1378 1387 1393 1422 a

324 1483 506 1577 judicabat
520 1485 692 1556 Erasmus
711 1515 726 1550 «
740 1483 912 1578 planeque
926 1512 941 1548 a
965 1482 1111 1576 dignum
1128 1512 1144 1548 α
1159 1481 1218 1576 qui
1234 1481 1362 1552 multos
1377 1509 1392 1544 n

331 1610 485 1681 vinceret
504 1611 704 1682 «Nestoras
720 1607 784 1704 (l).
806 1638 822 1673 a
886 1678 888 1684 ,

379 1737 492 1814 Quum
509 1759 546 1807 se
561 1737 610 1807 ita
624 1742 763 1829 gereret
778 1742 816 1806 ut
831 1726 981 1806 scientia
994 1737 1071 1829 jam
1086 1742 1177 1806 esset
1191 1733 1398 1828 perspicuus

331 1861 555 1955 omniumque
565 1861 802 1933 doctrinarum
813 1859 989 1932 studiosus
1003 1882 1080 1930 esse
1093 1859 1281 1939 videretur,
1295 1859 1399 1930 Lute-

331 1988 416 2058 tiam
437 1987 536 2071 adiit,
559 1988 649 2059 unde
664 1988 772 2059 totius
792 1986 998 2058 eruditionis
1019 1985 1080 2056 lux
1109 1985 1282 2078 fulgebat,
1301 2007 1400 2078 prae-

332 2113 522 2206 sertimque
554 2112 789 2206 «Theologiae
825 2111 993 2194 studium,
1035 2118 1074 2182 ut
1106 2133 1284 2203 nunquam
1312 2109 1400 2181 alias

332 2260 431 2332 aeque
447 2239 500 2333 (2)
520 2268 552 2322 a,
578 2238 736 2309 florebat.
766 2239 844 2316 Qua
870 2237 906 2307 in
925 2235 1117 2307 Academia
1132 2234 1400 2328 quadriennium

332 2387 439 2457 quum
454 2372 612 2436 versatus
627 2371 730 2449 esset,
743 2371 860 2434 tamen
883 2385 950 2433 non
966 2361 1100 2432 invenit
1113 2360 1205 2433 unde
1221 2361 1399 2454 ingentem

333 2490 496 2561 noscendi
511 2489 711 2583 cupidinem
726 2489 893 2582 expleret,
916 2508 1122 2578 omnemque
1138 2508 1235 2579 paene
1258 2507 1400 2579 operam

331 2615 494 2709 perdidit.
509 2615 649 2687 Etenim
660 2613 730 2686 duo
741 2621 814 2684 tum
824 2611 1041 2684 excellebant
1052 2611 1220 2695 doctores,
1231 2617 1292 2680 aut
1303 2609 1401 2680 nulla

333 2748 394 2812 aut
418 2764 529 2835 prava
545 2740 705 2811 doctrina
718 2739 869 2833 praediti,
898 2739 1036 2830 Gaspar
1060 2737 1135 2807 Lan
1150 2736 1400 2827 lohannesque

331 2868 536 2952 Dullardus,
568 2891 715 2962 quorum
741 2867 830 2938 alter
865 2867 1056 2962 Homerum
1088 2897 1103 2931 «
1127 2887 1303 2959 nugarum
1327 2887 1400 2934 om-

332 2998 430 3070 nium
446 2997 498 3088 (3)
514 3025 530 3060 »
550 3004 726 3090 parentem
738 2996 968 3088 insanumque
982 3016 1099 3066 senem
1115 3015 1189 3064 esse
1203 2991 1398 3074 dictitabat,

332 3122 421 3194 alter
445 3130 562 3196 autem
592 3121 680 3194 illud
710 3121 896 3192 decantare
920 3115 1053 3191 solebat
1084 3141 1091 3189 :
1128 3120 1301 3197 «Quanto
1332 3116 1401 3188 eris

332 3248 455 3320 melior
499 3246 775 3341 grammaticuS‚
821 3253 919 3318 tanto
958 3243 1057 3339 pejor
1096 3242 1317 3324 dialecticum
1368 3246 1403 3311 et

334 3373 573 3467 Theologus(
600 3378 625 3463 ).
649 3400 665 3436 »
1316 3453 1318 3456 ¹

383 3500 503 3591 ltaque
517 3520 638 3569 eorum
654 3497 804 3589 ineptias
821 3502 925 3589 atque
948 3526 963 3561 «
978 3493 1239 3587 nugacissimas
1252 3513 1368 3585 nugas
1382 3520 1398 3555 »

333 3632 405 3696 tam
425 3624 523 3718 parvi
543 3624 638 3708 fecit,
658 3631 696 3696 ut
711 3623 902 3717 saepissime
917 3628 1037 3715 postea
1051 3619 1235 3714 optaverit,
1254 3642 1290 3690 se
1302 3648 1317 3683 «
1332 3640 1400 3688 non

334 3755 405 3818 tam
425 3747 461 3817 in
481 3747 582 3819 illis»
605 3746 812 3830 adhaesisse,
831 3767 922 3839 quae,
944 3775 960 3810 «
975 3743 1138 3836 quoniam
1156 3749 1274 3812 tenero
1288 3740 1402 3811 adhuc

335 3874 454 3944 animo
469 3902 485 3936 »
513 3894 717 3964 summoque
747 3869 862 3941 studio
886 3877 1032 3963 excepta
1060 3874 1172 3951 erant,
1203 3866 1310 3936 «ideo
1330 3871 1402 3934 tam

334 3999 537 4069 tenaciter»
574 3997 769 4078 haerebant,
812 4002 884 4066 «ut
919 3994 987 4065 elui
1023 3993 1165 4064 nulla...
1207 3999 1281 4062 arte
1311 3990 1399 4084 (5)»

334 4131 487 4218 possent,
507 4124 587 4195 Non
608 4123 719 4215 igitur
735 4121 935 4191 mirandum
950 4127 1002 4190 est
1022 4119 1160 4201 Vivem,
1179 4124 1218 4189 ut
1233 4115 1403 4187 acerrimo

365 4311 400 4375 (1)
418 4310 528 4360 masm.
545 4311 635 4371 Epist.
648 4310 673 4358 J.
692 4309 724 4356 n.
742 4307 815 4365 Viva,
832 4303 1158 4367 n.xvr1.'r.1.p.75a.

365 4399 400 4463 (2)
419 4398 461 4449 Id.
479 4397 571 4458 Epist.
588 4396 651 4446 Nic.
668 4397 827 4455 Eoerarda
842 4395 870 4444 L.
890 4393 976 4443 XVII.
989 4393 1019 4441 T.
1033 4393 1052 4441 l.
1072 4407 1098 4456 p.
1112 4392 1166 4441 751.

364 4488 399 4552 (3)
416 4488 479 4537 Vin.
494 4488 591 4536 Ooatio
613 4486 693 4548 Virp.
706 4487 822 4546 Mariae,
841 4485 870 4534 T.
886 4483 917 4532 11.
936 4497 965 4547 p.
985 4481 1041 4532 144.

363 4579 396 4642 (a)
413 4577 458 4629 ru.
478 4579 610 4629 necans.
622 4582 752 4638 corrupt.
770 4581 825 4626 arr.
842 4575 876 4625 n.
892 4573 928 4623 11.
942 4573 976 4622 T.
996 4571 1021 4622 1.
1041 4551 1066 4635 i·
1082 4571 1140 4620 aar.

362 4667 395 4730 (5)
413 4665 451 4715 ld.
466 4667 504 4715 ln
520 4664 812 4717 Pseudodiolecticos.
833 4663 866 4712 T.
883 4661 905 4712 Ι.
921 4676 948 4726 p.
972 4661 1026 4711 273.
