3436 5404
790 612 935 672 „19-

330 769 641 854 imbecillitatem
667 767 767 840 illum
792 770 952 841 morbum
980 768 1104 839 incidit
1127 791 1171 838 ex
1195 789 1263 860 quo
1278 777 1399 863 postea

329 914 399 963 non
418 893 608 963 convaluit.
627 893 790 963 Mortuus
805 899 858 962 est
872 892 982 985 igitur
1002 891 1115 985 pridie
1124 891 1241 962 Maias
1261 893 1395 977 Nonas

299 1103 300 1106 Ἴ
330 1019 375 1088 A.
395 1020 446 1090 M.
470 1019 515 1089 D.
534 1018 614 1101 XL,
636 1026 670 1088 et
688 1018 724 1087 in
741 1017 887 1088 Donatis
902 1017 1097 1109 Brugensis
1112 1016 1274 1089 Ecclesia
1289 1018 1400 1112 sepul·

329 1150 386 1214 tus
404 1149 458 1214 est
472 1142 532 1214 ille
552 1143 842 1237 praestantissimo
861 1142 1004 1236 ingenio
1016 1142 1070 1212 vir
1089 1150 1123 1214 et
1138 1142 1399 1214 immortalitate

330 1269 575 1360 dignissimus.

379 1392 471 1470 Quid
489 1392 535 1464 sit
554 1393 646 1464 deeo
662 1392 947 1477 existimandum,
972 1393 1093 1485 paucis
1113 1416 1207 1464 nunc
1228 1392 1396 1488 colligen-

329 1517 412 1588 dnm
425 1523 488 1589 est.

377 1644 484 1716 Multi
503 1667 587 1714 sane
614 1644 735 1715 eodem
760 1651 916 1738 tempore
941 1645 1163 1716 exstiterumt
1193 1645 1394 1739 scriptores,

329 1791 476 1861 quorum
496 1770 610 1863 magis
621 1744 818 1864 percrebuit
832 1770 927 1868 fama
942 1795 951 1861 3
968 1770 1198 1864 paucissimos
1216 1777 1333 1842 tamen
1354 1795 1397 1843 ex

329 1895 374 1965 iis
394 1896 548 1989 reperias
569 1896 629 1988 qui
643 1894 804 1990 pluribus
819 1896 1008 1967 virtutibus
1025 1895 1221 1966 floruerint.
1246 1895 1341 1966 Mira
1360 1895 1397 1966 in

329 2043 369 2090 eo
397 2020 536 2106 lenitas,
566 2021 658 2092 mira
693 2021 862 2106 suavitas,
903 2021 994 2091 mira
1031 2021 1233 2092 humanitas
1267 2021 1394 2105 inerat,

330 2153 495 2239 tantaque
511 2147 739 2240 persolvendo
753 2146 791 2217 in
805 2145 901 2217 omni
916 2146 1031 2218 officio
1044 2146 1248 2230 moderatio,
1262 2154 1301 2218 ut
1317 2127 1397 2219 eum

328 2271 547 2365 suspicerent
559 2278 663 2365 atque
674 2279 835 2343 amarent
844 2295 963 2344 omnes
973 2273 995 2343 ii
1009 2271 1215 2366 quibuscum
1227 2296 1397 2344 commer-
1444 2332 1445 2335 ,

329 2397 422 2468 cium
439 2384 580 2469 habuit.
604 2398 778 2502 Caeterum
797 2420 837 2469 eo
867 2398 982 2490 magis
1001 2398 1130 2469 eminet
1157 2399 1233 2488 ejus
1254 2398 1393 2483 lenitas,

329 2522 434 2614 quod,
453 2544 559 2614 quum
571 2522 879 2627 criminationibus
900 2523 1183 2624 adversariorum
1203 2524 1396 2618 saepissime

329 2646 435 2717 fuerit
449 2647 641 2740 expositus
664 2653 781 2718 tamen
801 2669 980 2740 nunquam
1006 2646 1060 2718 vel
1076 2647 1120 2718 ad
1140 2648 1394 2741 repellendam,

330 2763 385 2834 vel
413 2765 457 2834 ad
476 2763 695 2835 referendam
723 2764 893 2858 injuriam
921 2764 1095 2835 adductus
1123 2764 1182 2849 sit,
1213 2772 1248 2836 et
1282 2766 1397 2859 magis

328 2869 510 2982 probitatis
526 2890 874 2974 commendationem,
894 2912 999 2983 quam
1019 2889 1154 2981 ingenii
1166 2889 1311 2976 famam,
1330 2892 1396 2962 sibi

330 3013 418 3084 nihil
433 3037 618 3107 arrogans,
637 3013 716 3085 aliis
728 2994 918 3108 plurimum
929 3014 1100 3100 tribuenS,
1119 3021 1314 3108 aucupatus
1334 3017 1392 3089 sit.

330 3141 450 3232 ltaque
469 3139 670 3234 proeliorum
699 3163 774 3212 suae
809 3141 925 3212 aetatis
958 3140 1073 3233 potius
1106 3148 1280 3233 spectator
1314 3142 1393 3226 fuit,

329 3288 434 3358 quam
457 3265 631 3360 particeps
669 3273 703 3337 et
736 3253 849 3338 socius
880 3271 915 3337 et
948 3265 1103 3360 adjutor,
1132 3266 1277 3360 ejusque
1315 3275 1396 3339 vota

330 3392 424 3482 pacis
438 3399 473 3462 et
486 3400 592 3484 togae,
612 3412 681 3461 non
696 3389 779 3461 belli
790 3399 852 3462 aut
871 3412 1048 3462 armorum
1067 3389 1225 3462 fuerunt.

378 3516 546 3594 Quamvis
562 3516 866 3589 mansuetissimus
890 3516 932 3607 in
945 3515 1103 3587 moribus
1128 3515 1248 3601 fuerit,
1279 3523 1398 3589 tamen

330 3646 547 3710 constantem
562 3645 596 3710 et
612 3638 738 3710 fortem
748 3638 859 3708 civem
875 3661 911 3709 se
927 3637 1052 3730 gessit,
1070 3644 1109 3708 ut
1119 3660 1231 3730 neque
1245 3638 1398 3710 Henrico

329 3772 464 3850 octavo,
483 3788 594 3858 neque
608 3763 809 3859 ipsiCarolo
825 3763 961 3857 quinto,
978 3786 1080 3858 quern
1092 3764 1263 3836 monendo
1275 3763 1399 3839 leviter

329 3891 598 3984 perstrinxerat,
617 3891 773 3962 cesserit.
793 3890 866 3961 Res
887 3890 1058 3962 secundas
1079 3890 1168 3960 etad
1181 3888 1397 3963 voluntatem

329 4017 476 4088 fluentes
490 4039 598 4110 quum
608 4018 784 4088 moderate
793 4015 914 4099 ferret,
927 4015 1092 4086 adversas
1105 4015 1256 4101 fortiter,
1271 4026 1310 4088 ut
1321 4023 1397 4088 viro

330 4141 491 4235 dignum,
513 4141 608 4228 tulit,
625 4150 673 4228 ¹et
691 4142 728 4212 in
747 4140 842 4212 omni
871 4140 944 4210 vita
971 4139 1178 4233 praeclaram
1208 4143 1396 4235 quamdam
1478 4130 1480 4136 ¹

330 4266 530 4339 firmitatem
551 4289 688 4363 semper
702 4265 868 4339 servavit.
1003 4357 1005 4362 ,

380 4393 597 4465 Incredibilis
615 4393 712 4464 hisce
732 4391 921 4464 virtutibus
944 4390 1142 4486 adjicienda
1161 4400 1216 4465 est
1233 4393 1397 4479 eruditio,

330 4541 400 4612 qua
420 4517 474 4589 vel
485 4518 630 4603 Budaeo,
648 4516 703 4588 vel
718 4516 786 4610 ipsi
801 4517 950 4587 Erasmo
959 4519 1152 4609 aequandus
1168 4527 1231 4590 est,
1255 4519 1399 4592 Nullam
