3436 5404
786 623 941 685 ..gp-

326 787 523 882 pucllarum
538 786 742 880 pudicitiam
758 786 948 880 periclitari
969 787 1110 880 egregie
1131 788 1390 860 animadvertit.

326 915 445 1007 ltaque
465 913 675 1013 gravissime
706 912 894 995 contendit,
917 935 1023 1003 quum
1048 912 1146 983 nnlla
1174 935 1228 983 res
1257 920 1392 984 tantum

324 1039 459 1109 animos
473 1046 642 1130 quantum
662 1038 817 1108 studium
840 1059 1010 1131 occupare
1034 1036 1157 1122 soleat,
1184 1037 1393 1131 gravissima

325 1138 488 1236 alitteris
525 1173 559 1235 et
579 1163 767 1236 utilissima
802 1172 973 1258 praecepta
1001 1165 1135 1234 hauriri
1163 1187 1277 1258 posse,
1314 1187 1391 1257 quae

326 1298 476 1360 mentem
503 1291 547 1360 ad
586 1296 717 1360 rectum
749 1291 958 1382 instigarent
986 1298 1020 1360 et
1052 1288 1324 1376 inflammarent,
1358 1297 1392 1360 et

323 1415 389 1485 hoc
408 1414 598 1506 frugiferas
617 1437 693 1486 esse
718 1415 867 1493 litteras,
885 1414 981 1507 'quod
1018 1447 1034 1480 a.
1066 1437 1134 1506 quo
1154 1415 1269 1507 magis
1283 1437 1390 1486 exer-

323 1549 445 1614 centur
463 1571 495 1626 »‚
519 1565 559 1613 eo
575 1543 690 1633 magis
706 1542 824 1612 dulces
839 1542 936 1628 fiant,
956 1565 1067 1634 neque
1085 1573 1100 1607 «
1119 1541 1285 1614 cultorem
1302 1543 1356 1635 (l)
1372 1571 1387 1604 u

323 1689 430 1760 usque
450 1667 495 1736 ad
515 1667 676 1738 ultimam
696 1675 908 1739 senectutem
933 1667 1106 1739 deserant.
1136 1667 1217 1739 Illos
1235 1691 1313 1738 vero
1329 1668 1388 1760 qui

321 1793 490 1884 putabant
525 1792 694 1862 minorem
728 1792 763 1860 in
795 1789 917 1884 puellis
948 1767 1059 1862 inesse
1093 1792 1271 1885 pietatem,
1306 1791 1389 1884 quia

321 1918 434 1988 minor
458 1918 494 1988 in
518 1918 560 1988 iis
582 1919 711 1988 inesset
727 1895 877 2002 inscitia,
906 1916 1123 2011 lepidissime
1150 1918 1385 2010 impugnavit,

321 2053 437 2138 utpote
471 2045 529 2139 qui
563 2027 681 2115 mallet
713 2075 728 2108 «
765 2043 937 2114 talentum
961 2044 1038 2114 auri
1068 2044 1161 2137 puri,
1186 2067 1291 2136 quam
1321 2044 1391 2114 tria

320 2171 452 2269 talenta
469 2171 579 2242 multo
600 2170 742 2264 plumbo
767 2171 947 2262 scorioque
971 2170 1095 2241 vitiata
1118 2199 1150 2253 »‚
1172 2178 1206 2241 et
1225 2170 1387 2241 irrideret

322 2296 548 2368 mulierculas
569 2297 667 2377 istas,
690 2319 768 2388 quae
794 2297 843 2367 sio
863 2320 884 2366 a
903 2296 1068 2370 concione
1084 2296 1197 2366 redire
1217 2294 1385 2379 solebant,

322 2430 360 2493 ut
379 2422 522 2493 mirifice
541 2422 649 2493 fuisse
669 2422 914 2493 concionatum
933 2422 992 2514 qui
1007 2422 1125 2490 dixit»
1140 2421 1385 2514 praedicarent,

232 2531 235 2536 Α
322 2571 363 2618 ac
390 2547 524 2618 vultum
551 2548 703 2619 hominis
734 2577 750 2613 «
768 2549 1005 2642 graphioeffi)
1037 2577 1052 2611 u
1083 2549 1324 2641 depingerent,
1352 2557 1388 2619 at

322 2697 499 2746 recensere
519 2695 588 2746 non
615 2675 810 2767 potuissent
829 2674 911 2766 quid
928 2672 988 2745 ille
1008 2674 1147 2760 dixerit,
1171 2674 1225 2744 vel
1248 2674 1278 2744 si
1306 2675 1387 2767 qnid

323 2800 441 2886 stulte,
461 2798 587 2891 siquid
604 2805 704 2869 extra
723 2821 795 2871 rem
808 2800 987 2870 exciderit.

372 2927 668 3016 Praetereaquum
684 2948 782 3018 aegre
796 2926 902 2996 ferret
921 2925 1106 2998 «Milesias
1125 2955 1140 2991 »
1160 2925 1241 2996 illas
1264 2958 1279 2992 «
1294 2927 1390 2997 fabu-

320 3049 372 3118 las
395 3078 428 3131 »‚
450 3048 492 3119 de
512 3048 639 3139 quibus
655 3072 763 3140 supra
776 3049 944 3143 diximus,
963 3049 999 3119 in
1015 3049 1214 3143 puellarum
1233 3051 1389 3121 omnium

320 3199 379 3247 ore
397 3185 430 3247 et
446 3199 605 3248 sermone
619 3200 709 3259 esse,
724 3178 905 3269 graviores
934 3201 995 3248 nec
1015 3201 1084 3248 non
1113 3178 1272 3250 utiliores
1291 3179 1390 3249 anti-

320 3302 464 3393 quitatis
486 3311 645 3372 auctores
674 3303 840 3396 legendos
862 3326 967 3396 quarn
995 3303 1262 3396 diligentissime
1286 3325 1388 3374 com-

320 3427 510 3497 mendavit.
525 3428 674 3497 Maximi
686 3429 779 3497 enim
789 3429 917 3499 reterre
928 3430 1165 3501 arbitrabatur
1182 3429 1389 3521 quibuscum

321 3550 547 3642 scriptoribus
576 3539 703 3644 puellae
732 3561 966 3637 versarentur,
1003 3555 1129 3647 quibus
1165 3556 1387 3649 opinionibus

320 3675 569 3758 imbuerentur,
592 3676 785 3768 quibusque
805 3677 974 3770 exemplis
994 3679 1242 3764 formarentur,
1262 3681 1388 3752 nedum

319 3797 482 3890 probaret
496 3799 685 3868 amatorias
705 3798 790 3870 istas
819 3829 835 3863 «
855 3800 1050 3872 historias»
1077 3809 1181 3895 atque
1214 3833 1229 3866 o
1248 3805 1388 3875 cantio-

319 3945 410 3993 nes»
444 3923 497 4013 (3)
526 3947 674 4016 quarum
707 3925 798 3995 bona
831 3949 913 4018 pars
941 3927 1027 3998 adeo
1061 3950 1130 3998 non
1159 3929 1386 4002 obscoenitate

320 4048 480 4135 vacabat,
500 4057 538 4120 ut
561 4079 576 4112 «
590 4050 715 4121 talium
733 4051 929 4124 naeniarum
945 4053 1096 4124 artifices
1116 4054 1281 4126 deberent
1307 4057 1389 4127 caesi

353 4293 384 4350 ,11
401 4293 511 4342 Erasrn.
532 4295 626 4343 (brist
641 4297 769 4345 1111111111.
785 4299 874 4354 lost,
891 4297 923 4346 Τ.
943 4299 978 4346 V.
994 4313 1022 4362 p.
1044 4298 1101 4348 aaa.

353 4382 386 4446 (2)
405 4383 446 4433 Id.
465 4384 555 4446 Epist.
571 4384 601 4432 T.
620 4384 642 4436 Ι.
659 4385 692 4435 L.
706 4386 794 4435 XVII.

386 4475 479 4536 Epist.
501 4475 534 4523 G.
551 4477 672 4535 Brcdoeo,
690 4491 719 4540 p.
741 4476 799 4526 760.

357 4563 390 4624 (3)
408 4563 446 4613 ld.
461 4566 563 4614 Christ.
581 4566 706 4614 nautrim.
722 4569 811 4630 lust,
825 4567 856 4617 T.
875 4567 907 4617 V.
922 4584 949 4633 p.
962 4571 1016 4618 598.
