<?xml version="1.0" encoding="UTF-8"?>
<!DOCTYPE html PUBLIC "-//W3C//DTD XHTML 1.0 Transitional//EN"
    "http://www.w3.org/TR/xhtml1/DTD/xhtml1-transitional.dtd">
<html xmlns="http://www.w3.org/1999/xhtml" xml:lang="en" lang="en">
 <head>
  <title>
</title>
<meta http-equiv="Content-Type" content="text/html;charset=utf-8" />
  <meta name='ocr-system' content='tesseract 3.04.00' />
  <meta name='ocr-capabilities' content='ocr_page ocr_carea ocr_par ocr_line ocrx_word'/>
</head>
<body>
  <div class='ocr_page' id='page_1' title='image "./quiddepuellisin00thibgoog_0103.png"; bbox 0 0 3436 5404; ppageno 0'>
   <div class='ocr_carea' id='block_1_1' title="bbox 792 599 1014 671">
    <p class='ocr_par' dir='ltr' id='par_1_1' title="bbox 792 599 1014 671">
     <span class='ocr_line' id='line_1_1' title="bbox 792 599 1014 671; baseline -0.014 1"><span class='ocrx_word' id='word_1_1' title='bbox 792 599 1014 671; x_wconf 71' lang='grc' dir='ltr'>-94-Ι</span> 
     </span>
    </p>
   </div>
   <div class='ocr_carea' id='block_1_2' title="bbox 233 770 1405 4109">
    <p class='ocr_par' dir='ltr' id='par_1_2' title="bbox 298 770 1405 3712">
     <span class='ocr_line' id='line_1_2' title="bbox 336 770 1405 873; baseline 0.008 -31"><span class='ocrx_word' id='word_1_2' title='bbox 336 770 658 856; x_wconf 88' lang='lat' dir='ltr'>multitudinem...,</span> <span class='ocrx_word' id='word_1_3' title='bbox 720 779 839 864; x_wconf 84' lang='lat' dir='ltr'><strong>utpote</strong></span> <span class='ocrx_word' id='word_1_4' title='bbox 894 795 992 844; x_wconf 90' lang='lat' dir='ltr'>sanae</span> <span class='ocrx_word' id='word_1_5' title='bbox 1037 775 1252 849; x_wconf 83' lang='lat' dir='ltr'>educationis</span> <span class='ocrx_word' id='word_1_6' title='bbox 1287 779 1405 873; x_wconf 89' lang='lat' dir='ltr'>impe-</span> 
     </span>
     <span class='ocr_line' id='line_1_3' title="bbox 337 895 1404 989; baseline 0.008 -24"><span class='ocrx_word' id='word_1_7' title='bbox 337 896 441 966; x_wconf 90' lang='lat' dir='ltr'>ritam</span> <span class='ocrx_word' id='word_1_8' title='bbox 472 895 525 989; x_wconf 85' lang='lat' dir='ltr'>(l)</span> <span class='ocrx_word' id='word_1_9' title='bbox 544 924 577 978; x_wconf 90' lang='lat'>»,</span> <span class='ocrx_word' id='word_1_10' title='bbox 609 895 827 989; x_wconf 88' lang='lat' dir='ltr'>potissimum</span> <span class='ocrx_word' id='word_1_11' title='bbox 858 897 894 966; x_wconf 92' lang='lat' dir='ltr'>in</span> <span class='ocrx_word' id='word_1_12' title='bbox 929 897 1047 968; x_wconf 90' lang='lat' dir='ltr'>animo</span> <span class='ocrx_word' id='word_1_13' title='bbox 1076 898 1234 984; x_wconf 89' lang='lat' dir='ltr'>haberet,</span> <span class='ocrx_word' id='word_1_14' title='bbox 1261 925 1331 973; x_wconf 93' lang='lat' dir='ltr'>non</span> <span class='ocrx_word' id='word_1_15' title='bbox 1360 903 1404 974; x_wconf 91' lang='lat' dir='ltr'>iis</span> 
     </span>
     <span class='ocr_line' id='line_1_4' title="bbox 335 1016 1405 1111; baseline 0.007 -23"><span class='ocrx_word' id='word_1_16' title='bbox 335 1017 438 1088; x_wconf 93' lang='lat' dir='ltr'>modo</span> <span class='ocrx_word' id='word_1_17' title='bbox 453 1016 629 1089; x_wconf 90' lang='lat' dir='ltr'>consuluit</span> <span class='ocrx_word' id='word_1_18' title='bbox 642 1017 807 1111; x_wconf 83' lang='lat' dir='ltr'>ingenuis</span> <span class='ocrx_word' id='word_1_19' title='bbox 827 1017 953 1111; x_wconf 85' lang='lat' dir='ltr'>puellis</span> <span class='ocrx_word' id='word_1_20' title='bbox 970 1042 1057 1111; x_wconf 89' lang='lat' dir='ltr'>quas</span> <span class='ocrx_word' id='word_1_21' title='bbox 1072 1021 1282 1095; x_wconf 90' lang='lat' dir='ltr'>erudiendas</span> <span class='ocrx_word' id='word_1_22' title='bbox 1296 1025 1405 1096; x_wconf 84' lang='lat' dir='ltr'>Vives</span> 
     </span>
     <span class='ocr_line' id='line_1_5' title="bbox 334 1141 1405 1240; baseline 0.006 -28"><span class='ocrx_word' id='word_1_23' title='bbox 334 1141 575 1234; x_wconf 88' lang='lat' dir='ltr'>Erasmusque</span> <span class='ocrx_word' id='word_1_24' title='bbox 605 1148 842 1235; x_wconf 82' lang='lat' dir='ltr'>susceperant.</span> <span class='ocrx_word' id='word_1_25' title='bbox 875 1142 944 1214; x_wconf 87' lang='lat' dir='ltr'>Sed</span> <span class='ocrx_word' id='word_1_26' title='bbox 972 1141 1080 1236; x_wconf 91' lang='lat' dir='ltr'>quum</span> <span class='ocrx_word' id='word_1_27' title='bbox 1108 1144 1198 1216; x_wconf 91' lang='lat' dir='ltr'>nihil</span> <span class='ocrx_word' id='word_1_28' title='bbox 1226 1147 1405 1240; x_wconf 91' lang='lat' dir='ltr'>antiquius</span> 
     </span>
     <span class='ocr_line' id='line_1_6' title="bbox 333 1241 1401 1360; baseline 0.007 -26"><span class='ocrx_word' id='word_1_29' title='bbox 333 1265 490 1350; x_wconf 88' lang='lat' dir='ltr'>haberet,</span> <span class='ocrx_word' id='word_1_30' title='bbox 513 1288 617 1360; x_wconf 91' lang='lat' dir='ltr'>quam</span> <span class='ocrx_word' id='word_1_31' title='bbox 650 1272 689 1338; x_wconf 93' lang='lat' dir='ltr'>ut</span> <span class='ocrx_word' id='word_1_32' title='bbox 717 1266 939 1338; x_wconf 88' lang='lat' dir='ltr'>reformatam</span> <span class='ocrx_word' id='word_1_33' title='bbox 962 1241 1169 1360; x_wconf 84' lang='lat' dir='ltr'>religionem</span> <span class='ocrx_word' id='word_1_34' title='bbox 1190 1270 1227 1341; x_wconf 92' lang='lat' dir='ltr'>in</span> <span class='ocrx_word' id='word_1_35' title='bbox 1244 1272 1401 1342; x_wconf 91' lang='lat' dir='ltr'>omnium</span> 
     </span>
     <span class='ocr_line' id='line_1_7' title="bbox 298 1391 1403 1492; baseline 0.006 -31"><span class='ocrx_word' id='word_1_36' title='bbox 298 1467 300 1471; x_wconf 11' lang='grc' dir='ltr'><em>Α</em></span> <span class='ocrx_word' id='word_1_37' title='bbox 331 1392 505 1464; x_wconf 91' lang='lat' dir='ltr'>mentibus</span> <span class='ocrx_word' id='word_1_38' title='bbox 529 1391 733 1479; x_wconf 81' lang='lat' dir='ltr'>inculcaret,</span> <span class='ocrx_word' id='word_1_39' title='bbox 774 1415 837 1463; x_wconf 89' lang='lat' dir='ltr'>nec</span> <span class='ocrx_word' id='word_1_40' title='bbox 880 1400 997 1464; x_wconf 90' lang='lat' dir='ltr'>tacere</span> <span class='ocrx_word' id='word_1_41' title='bbox 1026 1393 1171 1466; x_wconf 85' lang='lat' dir='ltr'>vellet«</span> <span class='ocrx_word' id='word_1_42' title='bbox 1200 1397 1403 1492; x_wconf 86' lang='lat' dir='ltr'>priusquam</span> 
     </span>
     <span class='ocr_line' id='line_1_8' title="bbox 331 1515 1395 1614; baseline 0.005 -28"><span class='ocrx_word' id='word_1_43' title='bbox 331 1516 459 1587; x_wconf 86' lang='lat' dir='ltr'>Christi</span> <span class='ocrx_word' id='word_1_44' title='bbox 474 1517 615 1610; x_wconf 88' lang='lat' dir='ltr'>justitia</span> <span class='ocrx_word' id='word_1_45' title='bbox 629 1515 784 1608; x_wconf 86' lang='lat' dir='ltr'>fulguris</span> <span class='ocrx_word' id='word_1_46' title='bbox 799 1516 912 1587; x_wconf 89' lang='lat' dir='ltr'>instar</span> <span class='ocrx_word' id='word_1_47' title='bbox 931 1515 984 1610; x_wconf 80' lang='lat'>(2)</span> <span class='ocrx_word' id='word_1_48' title='bbox 1004 1545 1020 1581; x_wconf 78' lang='lat' dir='ltr'>o</span> <span class='ocrx_word' id='word_1_49' title='bbox 1038 1517 1222 1604; x_wconf 87' lang='lat' dir='ltr'>eluxisset,</span> <span class='ocrx_word' id='word_1_50' title='bbox 1236 1519 1395 1614; x_wconf 90' lang='lat' dir='ltr'>plebeiis,</span> 
     </span>
     <span class='ocr_line' id='line_1_9' title="bbox 332 1639 1405 1738; baseline 0.005 -30"><span class='ocrx_word' id='word_1_51' title='bbox 332 1639 561 1732; x_wconf 65' lang='lat' dir='ltr'>ignobilibus</span> <span class='ocrx_word' id='word_1_52' title='bbox 597 1639 819 1711; x_wconf 86' lang='lat' dir='ltr'>inferioribus</span> <span class='ocrx_word' id='word_1_53' title='bbox 857 1647 961 1732; x_wconf 91' lang='lat' dir='ltr'>atque</span> <span class='ocrx_word' id='word_1_54' title='bbox 997 1641 1245 1715; x_wconf 87' lang='lat' dir='ltr'>humilioribus</span> <span class='ocrx_word' id='word_1_55' title='bbox 1278 1643 1405 1738; x_wconf 90' lang='lat' dir='ltr'>puellis</span> 
     </span>
     <span class='ocr_line' id='line_1_10' title="bbox 333 1765 1405 1859; baseline 0.005 -25"><span class='ocrx_word' id='word_1_56' title='bbox 333 1765 555 1836; x_wconf 86' lang='lat' dir='ltr'>instituendis</span> <span class='ocrx_word' id='word_1_57' title='bbox 597 1787 739 1857; x_wconf 80' lang='lat' dir='ltr'>operam</span> <span class='ocrx_word' id='word_1_58' title='bbox 768 1765 944 1859; x_wconf 87' lang='lat' dir='ltr'>praecipue</span> <span class='ocrx_word' id='word_1_59' title='bbox 976 1765 1083 1838; x_wconf 92' lang='lat' dir='ltr'>dedit.</span> <span class='ocrx_word' id='word_1_60' title='bbox 1117 1767 1233 1845; x_wconf 87' lang='lat' dir='ltr'>Quare</span> <span class='ocrx_word' id='word_1_61' title='bbox 1265 1768 1405 1839; x_wconf 90' lang='lat' dir='ltr'>scholas</span> 
     </span>
     <span class='ocr_line' id='line_1_11' title="bbox 334 1889 1403 1983; baseline 0.002 -23"><span class='ocrx_word' id='word_1_62' title='bbox 334 1891 531 1983; x_wconf 85' lang='lat' dir='ltr'>requirebat</span> <span class='ocrx_word' id='word_1_63' title='bbox 556 1898 660 1982; x_wconf 91' lang='lat' dir='ltr'>atque</span> <span class='ocrx_word' id='word_1_64' title='bbox 692 1889 915 1960; x_wconf 85' lang='lat' dir='ltr'>desiderabat</span> <span class='ocrx_word' id='word_1_65' title='bbox 934 1912 1008 1975; x_wconf 91' lang='lat' dir='ltr'>eas,</span> <span class='ocrx_word' id='word_1_66' title='bbox 1027 1891 1063 1960; x_wconf 95' lang='lat' dir='ltr'>in</span> <span class='ocrx_word' id='word_1_67' title='bbox 1084 1892 1209 1983; x_wconf 91' lang='lat' dir='ltr'>quibus</span> <span class='ocrx_word' id='word_1_68' title='bbox 1225 1914 1293 1963; x_wconf 95' lang='lat' dir='ltr'>non</span> <span class='ocrx_word' id='word_1_69' title='bbox 1313 1893 1403 1963; x_wconf 93' lang='lat' dir='ltr'>anti-</span> 
     </span>
     <span class='ocr_line' id='line_1_12' title="bbox 333 2016 1403 2112; baseline 0.002 -23"><span class='ocrx_word' id='word_1_70' title='bbox 333 2017 475 2109; x_wconf 83' lang='lat' dir='ltr'>quitatis</span> <span class='ocrx_word' id='word_1_71' title='bbox 503 2023 640 2088; x_wconf 91' lang='lat' dir='ltr'>tantum</span> <span class='ocrx_word' id='word_1_72' title='bbox 663 2038 769 2109; x_wconf 90' lang='lat' dir='ltr'>opera</span> <span class='ocrx_word' id='word_1_73' title='bbox 790 2016 1019 2102; x_wconf 87' lang='lat' dir='ltr'>discerentur,</span> <span class='ocrx_word' id='word_1_74' title='bbox 1048 2017 1108 2090; x_wconf 90' lang='lat' dir='ltr'>sed</span> <span class='ocrx_word' id='word_1_75' title='bbox 1127 2019 1245 2103; x_wconf 88' lang='lat' dir='ltr'>etiam,</span> <span class='ocrx_word' id='word_1_76' title='bbox 1263 2019 1298 2089; x_wconf 93' lang='lat' dir='ltr'>id</span> <span class='ocrx_word' id='word_1_77' title='bbox 1314 2020 1403 2112; x_wconf 90' lang='lat' dir='ltr'>quod</span> 
     </span>
     <span class='ocr_line' id='line_1_13' title="bbox 333 2141 1403 2236; baseline 0.004 -26"><span class='ocrx_word' id='word_1_78' title='bbox 333 2141 441 2235; x_wconf 75' lang='lat' dir='ltr'>Vives</span> <span class='ocrx_word' id='word_1_79' title='bbox 470 2149 504 2214; x_wconf 93' lang='lat' dir='ltr'>et</span> <span class='ocrx_word' id='word_1_80' title='bbox 526 2143 695 2214; x_wconf 88' lang='lat' dir='ltr'>Erasmus</span> <span class='ocrx_word' id='word_1_81' title='bbox 723 2141 865 2213; x_wconf 91' lang='lat' dir='ltr'>omnino</span> <span class='ocrx_word' id='word_1_82' title='bbox 889 2149 1108 2236; x_wconf 88' lang='lat' dir='ltr'>respuerant,</span> <span class='ocrx_word' id='word_1_83' title='bbox 1135 2141 1271 2236; x_wconf 87' lang='lat' dir='ltr'>patrius</span> <span class='ocrx_word' id='word_1_84' title='bbox 1290 2166 1403 2215; x_wconf 88' lang='lat' dir='ltr'>sermo</span> 
     </span>
     <span class='ocr_line' id='line_1_14' title="bbox 331 2265 1404 2361; baseline 0.002 -25"><span class='ocrx_word' id='word_1_85' title='bbox 331 2267 374 2338; x_wconf 92' lang='lat' dir='ltr'>de</span> <span class='ocrx_word' id='word_1_86' title='bbox 398 2289 467 2360; x_wconf 93' lang='lat' dir='ltr'>quo</span> <span class='ocrx_word' id='word_1_87' title='bbox 494 2265 605 2339; x_wconf 92' lang='lat' dir='ltr'>multo</span> <span class='ocrx_word' id='word_1_88' title='bbox 634 2266 777 2338; x_wconf 89' lang='lat' dir='ltr'>uberius</span> <span class='ocrx_word' id='word_1_89' title='bbox 806 2268 944 2339; x_wconf 90' lang='lat' dir='ltr'>locutus</span> <span class='ocrx_word' id='word_1_90' title='bbox 957 2274 1023 2339; x_wconf 91' lang='lat' dir='ltr'>est.</span> <span class='ocrx_word' id='word_1_91' title='bbox 1042 2268 1116 2338; x_wconf 94' lang='lat' dir='ltr'>lmo</span> <span class='ocrx_word' id='word_1_92' title='bbox 1133 2290 1237 2360; x_wconf 91' lang='lat' dir='ltr'>quam</span> <span class='ocrx_word' id='word_1_93' title='bbox 1256 2267 1404 2361; x_wconf 87' lang='lat' dir='ltr'>diligen-</span> 
     </span>
     <span class='ocr_line' id='line_1_15' title="bbox 329 2391 1399 2484; baseline 0.003 -23"><span class='ocrx_word' id='word_1_94' title='bbox 329 2391 462 2463; x_wconf 90' lang='lat' dir='ltr'>tissime</span> <span class='ocrx_word' id='word_1_95' title='bbox 481 2391 693 2484; x_wconf 88' lang='lat' dir='ltr'>providerat,</span> <span class='ocrx_word' id='word_1_96' title='bbox 709 2391 1000 2484; x_wconf 90' lang='lat' dir='ltr'>quemadmodum</span> <span class='ocrx_word' id='word_1_97' title='bbox 1013 2414 1083 2463; x_wconf 93' lang='lat' dir='ltr'>non</span> <span class='ocrx_word' id='word_1_98' title='bbox 1098 2392 1169 2480; x_wconf 93' lang='lat' dir='ltr'>isti,</span> <span class='ocrx_word' id='word_1_99' title='bbox 1187 2392 1399 2475; x_wconf 87' lang='lat' dir='ltr'>mehercule,</span> 
     </span>
     <span class='ocr_line' id='line_1_16' title="bbox 330 2515 1395 2609; baseline 0.007 -30"><span class='ocrx_word' id='word_1_100' title='bbox 330 2547 346 2582; x_wconf 69' lang='grc' dir='ltr'>«ι</span> <span class='ocrx_word' id='word_1_101' title='bbox 367 2516 472 2587; x_wconf 91' lang='lat' dir='ltr'>boves</span> <span class='ocrx_word' id='word_1_102' title='bbox 501 2515 635 2609; x_wconf 87' lang='lat' dir='ltr'>Cyprii,</span> <span class='ocrx_word' id='word_1_103' title='bbox 663 2522 725 2587; x_wconf 92' lang='lat' dir='ltr'>aut</span> <span class='ocrx_word' id='word_1_104' title='bbox 745 2515 841 2608; x_wconf 91' lang='lat' dir='ltr'>porci</span> <span class='ocrx_word' id='word_1_105' title='bbox 869 2515 1072 2599; x_wconf 75' lang='lat' dir='ltr'>Acarnanii,</span> <span class='ocrx_word' id='word_1_106' title='bbox 1104 2515 1170 2585; x_wconf 93' lang='lat' dir='ltr'>hoc</span> <span class='ocrx_word' id='word_1_107' title='bbox 1198 2525 1251 2587; x_wconf 92' lang='lat' dir='ltr'>est</span> <span class='ocrx_word' id='word_1_108' title='bbox 1269 2516 1395 2586; x_wconf 91' lang='lat' dir='ltr'>brutis-</span> 
     </span>
     <span class='ocr_line' id='line_1_17' title="bbox 327 2639 1394 2734; baseline -0.002 -24"><span class='ocrx_word' id='word_1_109' title='bbox 327 2642 406 2710; x_wconf 90' lang='lat' dir='ltr'>simi</span> <span class='ocrx_word' id='word_1_110' title='bbox 439 2640 492 2730; x_wconf 89' lang='lat'>(3)</span> <span class='ocrx_word' id='word_1_111' title='bbox 511 2663 550 2728; x_wconf 83' lang='lat'>»3</span> <span class='ocrx_word' id='word_1_112' title='bbox 590 2661 711 2711; x_wconf 90' lang='lat' dir='ltr'>verum</span> <span class='ocrx_word' id='word_1_113' title='bbox 737 2646 808 2710; x_wconf 90' lang='lat' dir='ltr'>tam</span> <span class='ocrx_word' id='word_1_114' title='bbox 824 2639 971 2710; x_wconf 89' lang='lat' dir='ltr'>scientia</span> <span class='ocrx_word' id='word_1_115' title='bbox 986 2662 1090 2732; x_wconf 90' lang='lat' dir='ltr'>quam</span> <span class='ocrx_word' id='word_1_116' title='bbox 1106 2640 1234 2712; x_wconf 88' lang='lat' dir='ltr'>virtute</span> <span class='ocrx_word' id='word_1_117' title='bbox 1250 2642 1394 2734; x_wconf 89' lang='lat' dir='ltr'>spectati</span> 
     </span>
     <span class='ocr_line' id='line_1_18' title="bbox 330 2764 1398 2860; baseline -0.003 -23"><span class='ocrx_word' id='word_1_118' title='bbox 330 2767 492 2860; x_wconf 78' lang='lat' dir='ltr'>magistri</span> <span class='ocrx_word' id='word_1_119' title='bbox 506 2764 699 2837; x_wconf 88' lang='lat' dir='ltr'>educandae</span> <span class='ocrx_word' id='word_1_120' title='bbox 717 2766 898 2859; x_wconf 86' lang='lat' dir='ltr'>juventuti</span> <span class='ocrx_word' id='word_1_121' title='bbox 920 2767 1191 2857; x_wconf 83' lang='lat' dir='ltr'>praeficerentur.</span> <span class='ocrx_word' id='word_1_122' title='bbox 1210 2765 1338 2859; x_wconf 85' lang='lat' dir='ltr'>Atque,</span> <span class='ocrx_word' id='word_1_123' title='bbox 1357 2767 1398 2835; x_wconf 92' lang='lat' dir='ltr'>ad</span> 
     </span>
     <span class='ocr_line' id='line_1_19' title="bbox 329 2873 1400 2988; baseline -0.004 -28"><span class='ocrx_word' id='word_1_124' title='bbox 329 2891 363 2960; x_wconf 92' lang='lat' dir='ltr'>id</span> <span class='ocrx_word' id='word_1_125' title='bbox 388 2887 649 2983; x_wconf 87' lang='lat' dir='ltr'>perficiendum,</span> <span class='ocrx_word' id='word_1_126' title='bbox 676 2873 944 2988; x_wconf 89' lang='lat' dir='ltr'>impendendam</span> <span class='ocrx_word' id='word_1_127' title='bbox 954 2889 1037 2982; x_wconf 83' lang='lat' dir='ltr'>jure</span> <span class='ocrx_word' id='word_1_128' title='bbox 1056 2889 1203 2981; x_wconf 91' lang='lat' dir='ltr'>putabat</span> <span class='ocrx_word' id='word_1_129' title='bbox 1217 2888 1400 2981; x_wconf 90' lang='lat' dir='ltr'>pecuniam</span> 
     </span>
     <span class='ocr_line' id='line_1_20' title="bbox 328 3011 1399 3106; baseline -0.004 -20"><span class='ocrx_word' id='word_1_130' title='bbox 328 3037 420 3096; x_wconf 91' lang='lat' dir='ltr'>eam,</span> <span class='ocrx_word' id='word_1_131' title='bbox 456 3036 535 3106; x_wconf 87' lang='lat' dir='ltr'>quae</span> <span class='ocrx_word' id='word_1_132' title='bbox 563 3043 578 3076; x_wconf 88' lang='lat'>«</span> <span class='ocrx_word' id='word_1_133' title='bbox 604 3035 666 3106; x_wconf 94' lang='lat' dir='ltr'>pro</span> <span class='ocrx_word' id='word_1_134' title='bbox 691 3011 901 3082; x_wconf 88' lang='lat' dir='ltr'>redimendis</span> <span class='ocrx_word' id='word_1_135' title='bbox 933 3011 1235 3106; x_wconf 86' lang='lat' dir='ltr'>indulgentiarum</span> <span class='ocrx_word' id='word_1_136' title='bbox 1264 3012 1399 3105; x_wconf 93' lang='lat' dir='ltr'>impos-</span> 
     </span>
     <span class='ocr_line' id='line_1_21' title="bbox 327 3136 1398 3230; baseline -0.002 -22"><span class='ocrx_word' id='word_1_137' title='bbox 327 3139 435 3222; x_wconf 87' lang='lat' dir='ltr'>turis,</span> <span class='ocrx_word' id='word_1_138' title='bbox 471 3136 628 3230; x_wconf 91' lang='lat' dir='ltr'>legendis</span> <span class='ocrx_word' id='word_1_139' title='bbox 660 3136 795 3221; x_wconf 78' lang='lat' dir='ltr'>missiS,</span> <span class='ocrx_word' id='word_1_140' title='bbox 834 3136 1065 3209; x_wconf 90' lang='lat' dir='ltr'>dissolvendis</span> <span class='ocrx_word' id='word_1_141' title='bbox 1100 3136 1259 3228; x_wconf 89' lang='lat' dir='ltr'>vigiliis,</span> <span class='ocrx_word' id='word_1_142' title='bbox 1294 3144 1398 3208; x_wconf 89' lang='lat' dir='ltr'>testa-</span> 
     </span>
     <span class='ocr_line' id='line_1_22' title="bbox 328 3256 1394 3355; baseline -0.004 -21"><span class='ocrx_word' id='word_1_143' title='bbox 328 3264 453 3335; x_wconf 89' lang='lat' dir='ltr'>mentis</span> <span class='ocrx_word' id='word_1_144' title='bbox 508 3256 789 3344; x_wconf 79' lang='lat' dir='ltr'>satisfaciendis,</span> <span class='ocrx_word' id='word_1_145' title='bbox 854 3260 1059 3355; x_wconf 92' lang='lat' dir='ltr'>reparandis</span> <span class='ocrx_word' id='word_1_146' title='bbox 1120 3260 1394 3346; x_wconf 89' lang='lat' dir='ltr'>anniversariis,</span> 
     </span>
     <span class='ocr_line' id='line_1_23' title="bbox 325 3386 1398 3484; baseline -0.005 -23"><span class='ocrx_word' id='word_1_147' title='bbox 325 3391 507 3484; x_wconf 84' lang='lat' dir='ltr'>explendis</span> <span class='ocrx_word' id='word_1_148' title='bbox 526 3387 771 3474; x_wconf 86' lang='lat' dir='ltr'>monachis...,</span> <span class='ocrx_word' id='word_1_149' title='bbox 792 3395 827 3460; x_wconf 90' lang='lat' dir='ltr'>et</span> <span class='ocrx_word' id='word_1_150' title='bbox 846 3388 1014 3480; x_wconf 92' lang='lat' dir='ltr'>quidquid</span> <span class='ocrx_word' id='word_1_151' title='bbox 1039 3387 1147 3481; x_wconf 90' lang='lat' dir='ltr'>hujus</span> <span class='ocrx_word' id='word_1_152' title='bbox 1174 3386 1300 3458; x_wconf 88' lang='lat' dir='ltr'>farinae</span> <span class='ocrx_word' id='word_1_153' title='bbox 1320 3386 1398 3457; x_wconf 92' lang='lat' dir='ltr'>reli-</span> 
     </span>
     <span class='ocr_line' id='line_1_24' title="bbox 324 3511 1397 3609; baseline -0.003 -22"><span class='ocrx_word' id='word_1_154' title='bbox 324 3538 431 3609; x_wconf 92' lang='lat' dir='ltr'>quum</span> <span class='ocrx_word' id='word_1_155' title='bbox 447 3517 500 3609; x_wconf 82' lang='lat'>(4)</span> <span class='ocrx_word' id='word_1_156' title='bbox 524 3543 540 3580; x_wconf 88' lang='lat'>»</span> <span class='ocrx_word' id='word_1_157' title='bbox 565 3520 653 3599; x_wconf 89' lang='lat' dir='ltr'>erat,</span> <span class='ocrx_word' id='word_1_158' title='bbox 671 3520 744 3584; x_wconf 90' lang='lat' dir='ltr'>tam</span> <span class='ocrx_word' id='word_1_159' title='bbox 763 3513 880 3606; x_wconf 90' lang='lat' dir='ltr'>inepte</span> <span class='ocrx_word' id='word_1_160' title='bbox 898 3519 1018 3584; x_wconf 90' lang='lat' dir='ltr'>ettam</span> <span class='ocrx_word' id='word_1_161' title='bbox 1038 3512 1176 3604; x_wconf 89' lang='lat' dir='ltr'>ingrate</span> <span class='ocrx_word' id='word_1_162' title='bbox 1200 3511 1397 3605; x_wconf 85' lang='lat' dir='ltr'>profunde-</span> 
     </span>
     <span class='ocr_line' id='line_1_25' title="bbox 324 3641 441 3712; baseline 0.009 -2"><span class='ocrx_word' id='word_1_163' title='bbox 324 3641 441 3712; x_wconf 92' lang='lat' dir='ltr'>batur.</span> 
     </span>
    </p>

    <p class='ocr_par' dir='ltr' id='par_1_3' title="bbox 233 3760 1396 4109">
     <span class='ocr_line' id='line_1_26' title="bbox 372 3760 1396 3857; baseline -0.006 -21"><span class='ocrx_word' id='word_1_164' title='bbox 372 3765 476 3836; x_wconf 93' lang='lat' dir='ltr'>Nunc</span> <span class='ocrx_word' id='word_1_165' title='bbox 507 3763 536 3834; x_wconf 92' lang='lat' dir='ltr'>si</span> <span class='ocrx_word' id='word_1_166' title='bbox 566 3762 710 3857; x_wconf 90' lang='lat' dir='ltr'>paulum</span> <span class='ocrx_word' id='word_1_167' title='bbox 742 3760 998 3832; x_wconf 84' lang='lat' dir='ltr'>examinaveris</span> <span class='ocrx_word' id='word_1_168' title='bbox 1029 3760 1262 3832; x_wconf 89' lang='lat' dir='ltr'>recentiorum</span> <span class='ocrx_word' id='word_1_169' title='bbox 1290 3782 1396 3853; x_wconf 88' lang='lat' dir='ltr'>opera</span> 
     </span>
     <span class='ocr_line' id='line_1_27' title="bbox 324 3887 1389 3983; baseline -0.003 -23"><span class='ocrx_word' id='word_1_170' title='bbox 324 3890 533 3983; x_wconf 85' lang='lat' dir='ltr'>scriptorum</span> <span class='ocrx_word' id='word_1_171' title='bbox 548 3890 607 3982; x_wconf 90' lang='lat' dir='ltr'>qui</span> <span class='ocrx_word' id='word_1_172' title='bbox 619 3887 816 3982; x_wconf 89' lang='lat' dir='ltr'>puellarum</span> <span class='ocrx_word' id='word_1_173' title='bbox 831 3887 1084 3959; x_wconf 90' lang='lat' dir='ltr'>institutionem</span> <span class='ocrx_word' id='word_1_174' title='bbox 1100 3894 1389 3980; x_wconf 89' lang='lat' dir='ltr'>procuraverunt,</span> 
     </span>
     <span class='ocr_line' id='line_1_28' title="bbox 233 4010 1394 4109; baseline -0.004 -23"><span class='ocrx_word' id='word_1_175' title='bbox 233 4039 237 4046; x_wconf 93' lang='lat'>·</span> <span class='ocrx_word' id='word_1_176' title='bbox 325 4016 432 4109; x_wconf 92' lang='lat' dir='ltr'>probe</span> <span class='ocrx_word' id='word_1_177' title='bbox 447 4036 617 4108; x_wconf 89' lang='lat' dir='ltr'>agnosces</span> <span class='ocrx_word' id='word_1_178' title='bbox 633 4035 735 4106; x_wconf 88' lang='lat' dir='ltr'>quam</span> <span class='ocrx_word' id='word_1_179' title='bbox 753 4013 865 4084; x_wconf 88' lang='lat' dir='ltr'>multa</span> <span class='ocrx_word' id='word_1_180' title='bbox 884 4012 967 4082; x_wconf 92' lang='lat' dir='ltr'>Vivi</span> <span class='ocrx_word' id='word_1_181' title='bbox 987 4019 1021 4084; x_wconf 89' lang='lat' dir='ltr'>et</span> <span class='ocrx_word' id='word_1_182' title='bbox 1040 4010 1111 4082; x_wconf 91' lang='lat' dir='ltr'>illis</span> <span class='ocrx_word' id='word_1_183' title='bbox 1130 4018 1282 4105; x_wconf 90' lang='lat' dir='ltr'>cognata</span> <span class='ocrx_word' id='word_1_184' title='bbox 1297 4033 1394 4104; x_wconf 91' lang='lat' dir='ltr'>repe-</span> 
     </span>
    </p>
   </div>
   <div class='ocr_carea' id='block_1_3' title="bbox 323 4141 473 4212">
    <p class='ocr_par' dir='ltr' id='par_1_4' title="bbox 323 4141 473 4212">
     <span class='ocr_line' id='line_1_29' title="bbox 323 4141 473 4212; baseline 0.007 -3"><span class='ocrx_word' id='word_1_185' title='bbox 323 4141 473 4212; x_wconf 92' lang='lat' dir='ltr'>riantur.</span> 
     </span>
    </p>
   </div>
   <div class='ocr_carea' id='block_1_4' title="bbox 350 4311 1051 4647">
    <p class='ocr_par' dir='ltr' id='par_1_5' title="bbox 350 4311 1051 4647">
     <span class='ocr_line' id='line_1_30' title="bbox 353 4311 1036 4378; baseline -0.009 -13"><span class='ocrx_word' id='word_1_186' title='bbox 353 4319 386 4378; x_wconf 78' lang='lat'>(1)</span> <span class='ocrx_word' id='word_1_187' title='bbox 401 4316 484 4365; x_wconf 87' lang='lat' dir='ltr'>Luth.</span> <span class='ocrx_word' id='word_1_188' title='bbox 498 4315 616 4364; x_wconf 81' lang='lat' dir='ltr'>Deiast.</span> <span class='ocrx_word' id='word_1_189' title='bbox 626 4314 736 4374; x_wconf 63' lang='lat' dir='ltr'>pueris</span> <span class='ocrx_word' id='word_1_190' title='bbox 749 4312 780 4362; x_wconf 85' lang='lat' dir='ltr'>T.</span> <span class='ocrx_word' id='word_1_191' title='bbox 791 4311 853 4362; x_wconf 91' lang='lat' dir='ltr'>VII.</span> <span class='ocrx_word' id='word_1_192' title='bbox 870 4327 899 4376; x_wconf 89' lang='lat' dir='ltr'>p.</span> <span class='ocrx_word' id='word_1_193' title='bbox 915 4312 973 4362; x_wconf 75' lang='lat'>444.</span> <span class='ocrx_word' id='word_1_194' title='bbox 989 4313 1036 4363; x_wconf 69' lang='lat' dir='ltr'>Vr.</span> 
     </span>
     <span class='ocr_line' id='line_1_31' title="bbox 350 4400 846 4468; baseline -0.01 -14"><span class='ocrx_word' id='word_1_195' title='bbox 350 4406 385 4468; x_wconf 80' lang='lat' dir='ltr'>(2l</span> <span class='ocrx_word' id='word_1_196' title='bbox 403 4406 444 4455; x_wconf 89' lang='lat' dir='ltr'>Id.</span> <span class='ocrx_word' id='word_1_197' title='bbox 459 4405 543 4461; x_wconf 69' lang='lat' dir='ltr'>loia„</span> <span class='ocrx_word' id='word_1_198' title='bbox 557 4404 587 4452; x_wconf 89' lang='lat' dir='ltr'>T.</span> <span class='ocrx_word' id='word_1_199' title='bbox 604 4403 668 4452; x_wconf 85' lang='lat' dir='ltr'>VII.</span> <span class='ocrx_word' id='word_1_200' title='bbox 685 4417 702 4465; x_wconf 91' lang='lat' dir='ltr'>p</span> <span class='ocrx_word' id='word_1_201' title='bbox 731 4401 785 4450; x_wconf 79' lang='lat'>438.</span> <span class='ocrx_word' id='word_1_202' title='bbox 799 4400 846 4450; x_wconf 63' lang='lat' dir='ltr'>Va</span> 
     </span>
     <span class='ocr_line' id='line_1_32' title="bbox 350 4489 1051 4557; baseline -0.004 -14"><span class='ocrx_word' id='word_1_203' title='bbox 350 4493 385 4557; x_wconf 83' lang='lat'>(3)</span> <span class='ocrx_word' id='word_1_204' title='bbox 403 4493 485 4542; x_wconf 89' lang='lat' dir='ltr'>Luth.</span> <span class='ocrx_word' id='word_1_205' title='bbox 500 4493 541 4542; x_wconf 84' lang='lat' dir='ltr'>De</span> <span class='ocrx_word' id='word_1_206' title='bbox 556 4495 625 4541; x_wconf 79' lang='lat' dir='ltr'>inst.</span> <span class='ocrx_word' id='word_1_207' title='bbox 636 4491 748 4553; x_wconf 77' lang='lat' dir='ltr'>poeria,</span> <span class='ocrx_word' id='word_1_208' title='bbox 764 4490 794 4539; x_wconf 88' lang='grc' dir='ltr'>Τ.</span> <span class='ocrx_word' id='word_1_209' title='bbox 811 4490 875 4541; x_wconf 92' lang='lat' dir='ltr'>Vll.</span> <span class='ocrx_word' id='word_1_210' title='bbox 894 4504 921 4554; x_wconf 87' lang='lat' dir='ltr'>p.</span> <span class='ocrx_word' id='word_1_211' title='bbox 934 4489 988 4540; x_wconf 80' lang='lat'>441.</span> <span class='ocrx_word' id='word_1_212' title='bbox 1006 4490 1051 4539; x_wconf 67' lang='lat' dir='ltr'>V0.</span> 
     </span>
     <span class='ocr_line' id='line_1_33' title="bbox 350 4578 850 4647; baseline -0.01 -15"><span class='ocrx_word' id='word_1_213' title='bbox 350 4584 387 4647; x_wconf 78' lang='lat'>(4)</span> <span class='ocrx_word' id='word_1_214' title='bbox 404 4582 445 4632; x_wconf 86' lang='lat' dir='ltr'>Id.</span> <span class='ocrx_word' id='word_1_215' title='bbox 457 4582 541 4641; x_wconf 69' lang='lat' dir='ltr'>Iota„</span> <span class='ocrx_word' id='word_1_216' title='bbox 559 4582 591 4631; x_wconf 84' lang='lat' dir='ltr'>T.</span> <span class='ocrx_word' id='word_1_217' title='bbox 613 4581 674 4630; x_wconf 87' lang='lat' dir='ltr'><strong>VII.</strong></span> <span class='ocrx_word' id='word_1_218' title='bbox 690 4579 783 4644; x_wconf 73' lang='lat' dir='ltr'>praa.</span> <span class='ocrx_word' id='word_1_219' title='bbox 802 4578 850 4629; x_wconf 78' lang='lat' dir='ltr'>V0.</span> 
     </span>
    </p>
   </div>
   <div class='ocr_carea' id='block_1_5' title="bbox 0 0 1722 5404">
    <p class='ocr_par' dir='ltr' id='par_1_6' title="bbox 0 0 1722 5404">
     <span class='ocr_line' id='line_1_34' title="bbox 0 0 1722 5404; baseline 0 4"><span class='ocrx_word' id='word_1_220' title='bbox 0 0 1722 5404; x_wconf 95' lang='lat' dir='ltr'> </span> 
     </span>
    </p>
   </div>
  </div>
 </body>
</html>
