3436 5404
772 631 925 692 ..65-

310 796 479 867 Erasmus
495 795 583 887 ipse,
607 815 713 886 quum
733 793 824 863 mira
839 793 1058 863 vehementia
1071 814 1144 862 suae
1158 792 1271 862 aetatis
1287 790 1373 862 vitia

310 943 480 1013 nusquam
494 941 564 990 non
588 921 830 1001 insectaretur,
857 917 1054 1009 eisdemque
1077 916 1201 987 studiis
1225 926 1259 987 et
1278 917 1373 987 ami-

309 1047 392 1117 citia
407 1046 488 1116 Vivi
504 1047 790 1139 conjungeretur,
808 1050 923 1114 tamen
939 1043 975 1112 in
995 1043 1085 1112 hanc
1100 1043 1371 1112 controversiam

310 1161 378 1241 non
397 1169 516 1241 sedulo
532 1191 671 1262 operam
690 1169 796 1240 dedit.
818 1168 914 1247 Quod
932 1191 1040 1239 unum
1055 1167 1097 1238 de
1113 1166 1266 1239 Luthero
1279 1169 1371 1239 dixe-

310 1297 433 1380 rimus
460 1318 561 1388 quem
586 1302 723 1365 constat
753 1294 871 1366 eodem
892 1294 962 1364 fere
977 1301 1130 1386 tempore
1153 1324 1168 1359 «
1191 1293 1234 1364 ad
1256 1293 1371 1364 Sena-

308 1428 401 1492 tores
425 1450 441 1486 »
468 1429 502 1492 et
529 1421 828 1514 «Magistratus»
860 1422 918 1514 qui
947 1421 1147 1492 civitatibus
1168 1421 1369 1493 Germaniae

309 1555 483 1640 praeerant
506 1547 645 1619 misisse
674 1548 896 1619 notissimum
922 1547 1081 1620 libellum
1103 1547 1217 1631 illum,
1244 1549 1300 1620 cui
1317 1551 1372 1620 Dc

307 1675 555 1746 instituendis
581 1676 717 1766 pueris
741 1696 864 1744 nomen
893 1682 956 1746 est.
984 1674 1106 1767 lnquo
1130 1703 1146 1738 (ι
1168 1675 1332 1767 pistrinas
1351 1703 1366 1737 u

308 1799 405 1886 istaS,
441 1807 474 1870 et
504 1799 827 1883 «carnificinas»,
855 1822 934 1892 quae
971 1829 987 1864 «
1010 1799 1144 1884 ferulis
1173 1797 1296 1892 virgis,
1324 1799 1371 1869 lo·

307 1924 461 2016 risque»
493 1926 739 2026 personabant,
774 1925 913 1995 ethaeo
952 1955 967 2028 a
996 1926 1176 1995 asinorum
1208 1924 1370 2016 bipedum

306 2050 493 2121 stabula».
522 2072 602 2142 quae
636 2081 652 2116 «
675 2050 897 2142 nugamentis
926 2047 1127 2120 uas-uatium
1150 2056 1184 2120 et
1214 2049 1370 2140 Tempo-

306 2174 435 2246 ralium
462 2204 478 2238 »
497 2174 707 2266 strepebant,
728 2183 830 2266 atque
863 2181 1068 2246 «tartareas
1094 2175 1224 2259 larvas,
1246 2175 1369 2245 Mona-

307 2300 390 2370 chos
405 2298 598 2371 scilicet...
621 2307 800 2370 ventrosos
819 2329 850 2380 υ,
880 2299 946 2383 vel,
965 2298 1176 2384 mehercule,
1194 2300 1222 2369 si
1243 2300 1367 2382 mavis

306 2447 429 2518 porcos
461 2427 514 2514 (l)
547 2454 578 2509 »,
609 2424 710 2495 solito
738 2425 869 2519 impetu
897 2432 931 2495 et
962 2425 1114 2517 quadam
1142 2425 1370 2496 commotione

307 2550 415 2620 animi
448 2573 531 2620 sane
564 2551 693 2620 invasit
722 2557 757 2620 et
792 2550 934 2620 adortus
967 2556 1051 2638 est;
1086 2549 1255 2642 exiguum
1288 2573 1370 2621 vero

306 2675 475 2758 studium,
494 2683 532 2746 ut
558 2682 679 2768 postea
707 2675 915 2760 videbimus,
938 2676 1135 2769 puellarum
1158 2677 1370 2748 institutioni

306 2800 447 2871 dicavit.
471 2801 587 2893 Atque
610 2801 666 2872 his
695 2801 828 2872 duobus
848 2802 1103 2872 annumerandi
1127 2811 1209 2874 sunt
1232 2801 1306 2887 alii,
1338 2811 1372 2874 et

305 2925 501 3010 interillos,
524 2925 730 3000 Joachimus
748 2927 891 2998 Fortius
910 2926 1186 3020 Ringelbergius
1201 2928 1268 3021 (2),
1301 2927 1372 2999 Sa-

264 3059 268 3068 '
304 3051 529 3144 deletusque,¹
550 3053 676 3145 quibus
691 3052 776 3124 illud
793 3053 895 3124 modo
908 3054 1000 3124 cordi
1018 3055 1097 3137 fuit,
1118 3063 1156 3125 ut
1181 3053 1373 3126 liberaliter

305 3177 405 3271 pueri
420 3177 657 3262 erudirentur,
684 3208 699 3242 a
728 3179 801 3249 sive
810 3180 872 3272 jus
891 3179 994 3249 civile
1009 3180 1185 3264 voluerint
1214 3181 1370 3272 exsequi,

305 3302 378 3372 sive
400 3303 601 3395 reipublicae
623 3326 741 3373 euram
766 3303 859 3373 domi
875 3303 1013 3389 bellive,
1033 3306 1105 3376 sive
1120 3328 1373 3398 quamcumque

304 3425 410 3496 aliam
423 3433 532 3496 artem
544 3435 868 3519 sectamqueearum
880 3451 1043 3521 quaecum
1053 3429 1185 3500 honore
1202 3431 1373 3523 laudeque

305 3551 544 3643 suscipiuntur
564 3552 631 3646 (3).
653 3582 668 3616 υ
692 3553 894 3624 Montanius
911 3578 991 3625 vero
1010 3579 1051 3625 ac
1071 3556 1293 3640 RabelasiuS‚
1312 3558 1372 3649 qui

304 3700 483 3770 nunquam
513 3702 582 3750 non
615 3682 791 3752 communi
821 3704 991 3753 consensu
1021 3682 1181 3754 horridos
1213 3685 1372 3776 pueritiae

304 3803 493 3895 magistros
511 3811 584 3874 tam
604 3803 730 3898 lepide,
748 3807 952 3878 tamfestive
970 3808 1131 3879 insectati
1147 3816 1241 3892 sunt,
1255 3816 1371 3881 tamen

304 3949 372 3998 non
401 3929 629 4021 expetendam
660 3954 735 4002 esse
761 3931 887 4025 puellis
917 3931 1113 4005 litterarum
1139 3936 1374 4028 cognitionem

305 4052 609 4124 existimaverunt.

336 4235 370 4298 (1)
389 4236 430 4284 M.
452 4236 575 4286 Lutheri.
591 4239 633 4287 De
646 4239 835 4291 instituendis
850 4243 962 4302 poeria,
979 4241 1011 4290 T.
1041 4241 1106 4292 VII.
1126 4257 1154 4305 p.
1175 4242 1232 4292 440.
1252 4242 1371 4291 Passim.

597 4328 770 4392 Witebergae,
783 4344 831 4393 per
845 4330 977 4379 Thomam
989 4330 1072 4394 Klug,
1090 4331 1159 4380 1558.

337 4415 369 4476 (2)
387 4415 415 4464 J.
430 4415 516 4465 Fortii
531 4417 727 4482 Ringelbergii.

368 4507 452 4555 Liber
466 4509 500 4558 de
513 4510 628 4559 ratione
645 4510 744 4571 studii,
758 4511 849 4575 Lugd.
865 4512 936 4562 ¹531.

335 4594 370 4656 (3)
385 4595 410 4644 J.
425 4595 554 4646 Sadoleti.
574 4596 660 4660 Lugd.
680 4599 749 4648 lnffl.
768 4614 794 4662 p.
809 4599 861 4651 148.

367 4686 408 4734 De
423 4686 520 4736 liberis
535 4694 611 4736 recte
630 4688 827 4739 instituendis.
