3436 5404
775 611 933 670 -gg-

322 774 500 849 delibavit.
524 776 605 846 Jam
621 795 702 845 vero
716 774 759 845 de
774 772 901 867 prima,
930 774 996 845 hoc
1016 781 1068 846 est
1093 781 1253 848 materna
1267 777 1389 848 educa-

321 904 426 986 tione,
445 911 522 997 post
546 904 671 972 Vivem
695 911 857 973 accurate
885 903 1089 996 disputavit,
1117 927 1269 976 necnon
1291 907 1391 978 vehe-

323 1029 536 1101 mentissime
567 1027 739 1121 increpuit
767 1026 942 1098 crudelem
969 1050 1091 1098 eorum
1119 1028 1283 1122 pietatem
1330 1033 1389 1124 qui

324 1174 447 1246 parum
480 1176 554 1223 esse
591 1152 822 1224 christianum
858 1159 928 1222 tam
964 1152 1084 1224 sedulo
1117 1156 1234 1225 curari
1267 1155 1392 1249 corpus
1446 1175 1448 1178 ·

323 1278 526 1349 stultissime
539 1278 796 1349 asseverabant.
821 1276 910 1348 lllud
937 1269 1053 1348 autem
1078 1288 1208 1352 matres
1236 1279 1393 1374 diligen-

325 1402 457 1472 tissime
477 1402 672 1483 admonuit,
691 1423 733 1472 ne
749 1401 847 1493 vulgi
864 1401 919 1471 vel
935 1401 1107 1495 judicium
1124 1403 1179 1474 vel
1195 1404 1393 1498 exemplum

327 1536 566 1618 sequerentur,
600 1550 662 1596 nec
691 1527 855 1618 genuisse
879 1527 964 1597 satis
991 1527 1171 1609 haberent,
1197 1537 1396 1600 teneramve

326 1654 480 1726 filiarum
493 1655 676 1725 infantiam
694 1654 818 1726 alienis
835 1655 1000 1725 uberibus
1010 1656 1279 1742 committerent.
1296 1657 1395 1735 Quod

327 1781 355 1849 si
376 1780 539 1852 alumnos
556 1778 650 1849 alere
670 1802 739 1850 non
760 1786 912 1872 possent,
941 1787 1058 1851 tamen
1083 1781 1253 1852 concessit
1271 1789 1308 1853 ut
1323 1789 1393 1852 tra-

327 1906 467 1976 deretur
495 1904 610 1974 infans
638 1905 669 1974 ei
699 1904 828 1975 nutrici
856 1927 950 1996 qua,
986 1928 1091 1997 quum
1124 1906 1253 1989 sobria,
1280 1914 1390 1988 casta,

326 2031 542 2126 integrisque
576 2030 728 2099 moribus
761 2036 864 2112 esset,
896 2052 959 2100 nec
984 2028 1114 2100 malam
1142 2030 1391 2112 valetudinem,

328 2177 391 2224 nec
407 2154 539 2246 ingenii
556 2152 788 2247 corruptelam
812 2152 953 2224 lactenti
977 2154 1162 2225 conferret.
1186 2155 1321 2249 Quippe
1336 2157 1394 2247 qui

328 2301 399 2350 non·
413 2280 512 2371 parvi
528 2279 656 2350 referre
684 2279 901 2350 existimaret
924 2301 993 2370 quo
1022 2280 1137 2362 modo,
1165 2289 1199 2350 et
1218 2281 1345 2373 quibus
1361 2282 1396 2351 in

328 2402 415 2473 locis
447 2403 572 2496 puellae
595 2405 829 2475 educarentur
853 2411 887 2474 et
907 2404 1156 2478 adolescerent.
1178 2408 1294 2485 Quare
1310 2406 1398 2477 niun

330 2530 456 2601 honum
477 2531 702 2623 praetermisit
718 2553 794 2623 quae
824 2529 878 2602 vel
899 2531 943 2601 ad
972 2531 1101 2618 cibum,
1125 2533 1181 2604 vel
1202 2533 1394 2626 adpotum,

329 2655 384 2726 vel
404 2655 447 2725 ad
468 2663 612 2739 motum,
628 2655 734 2726 velud
752 2657 915 2727 vestitum
927 2657 1151 2750 pertinerent.
1172 2659 1396 2730 Immodicam

161 2768 163 2773 ’
275 2788 277 2792 ’
329 2782 451 2852 ormam
476 2804 559 2852 sane
584 2801 652 2851 non
675 2783 854 2875 probarit,
884 2784 1045 2876 probavit
1082 2783 1300 2878 diligentem,
1333 2807 1396 2856 nec

330 2905 519 2998 quidquam
540 2907 707 2998 spectavit
725 2907 822 2979 aliud
847 2931 952 3000 quam
969 2916 1006 2979 ut
1024 2931 1122 2981 mens
1137 2931 1238 2995 sana,
1259 2908 1294 2978 id
1310 2909 1399 3002 quod

331 3031 502 3100 Romanis
540 3031 721 3124 proverbio
758 3040 845 3116 erat,
884 3013 1073 3123 composito
1111 3035 1198 3106 bene
1238 3029 1395 3128 corpore,

336 3154 488 3226 habilior
507 3155 689 3226 adomnia
708 3157 883 3228 evaderet.

382 3279 564 3374 Deinceps,
582 3303 690 3374 quum
715 3283 749 3352 id
778 3284 944 3376 temporis
972 3314 987 3348 «
1011 3283 1108 3356 fusus
1129 3313 1144 3348 »
1172 3293 1206 3356 et
1232 3315 1247 3349 «
1267 3286 1363 3358 colus
1381 3317 1396 3350 u

338 3406 491 3476 omnium
509 3407 647 3498 quidem
666 3407 855 3478 mulierum
875 3438 890 3473 «
910 3409 1140 3489 instrumenta
1158 3412 1210 3503 (l)
1230 3441 1245 3474 »
1270 3412 1400 3482 nemini

335 3549 402 3600 non
450 3551 524 3600 esse
568 3530 780 3614 viderentur,
810 3555 851 3601 ac
885 3530 1041 3624 plerique
1074 3543 1287 3627 compertum
1313 3535 1399 3606 illud

335 3655 504 3726 haberent
535 3687 549 3718 α
588 3656 685 3726 sexui
721 3655 901 3728 foeminino
927 3657 1061 3728 litteras
1079 3658 1141 3752 ⁴ad
1170 3659 1303 3744 famam
1324 3681 1400 3732 esee

336 3778 479 3850 inutiles
506 3780 559 3871 (2)
591 3809 623 3861 »,
673 3789 790 3852 tamen
814 3782 886 3874 ipse
914 3790 1049 3856 tantum
1080 3805 1221 3877 prorsus
1255 3786 1298 3855 ab
1331 3785 1397 3856 hac

338 3907 522 3978 abhorruit
540 3908 724 3991 sententie,
738 3915 777 3978 ut
788 3909 1036 3982 saluberrimas
1055 3912 1194 3984 litteras
1207 3913 1394 4004 putaverit.
1408 3992 1410 3996 Α

335 4031 402 4104 illa
432 4033 560 4127 quippe
596 4033 818 4126 potissimum
855 4058 974 4119 causa,
1011 4037 1077 4108 hoc
1102 4037 1392 4129 estignorantia,
1463 4068 1466 4073 ·

368 4264 401 4325 (l)
412 4265 521 4316 Erasm.
535 4266 638 4315 Christ.
652 4267 778 4316 matrim.
791 4269 875 4326 Inst,
891 4267 919 4318 T.
936 4267 971 4316 V.
986 4283 1003 4331 p
1030 4269 1087 4319 552.

368 4353 404 4413 (2)
422 4353 462 4402 Id.
475 4355 582 4416 Epire,
599 4355 628 4404 T.
646 4357 668 4404 I.
686 4357 720 4404 L.
735 4356 821 4404 XVII.

398 4442 490 4505 Epist.
509 4446 541 4490 G.
559 4447 676 4502 Budroe,
692 4460 718 4507 p.
733 4445 791 4494 760.
