3436 5404
774 644 931 702 ,43-

315 805 408 876 clare
424 805 646 897 significatur
665 811 700 875 et
715 811 831 898 aperte
847 805 1054 888 ostenditur,
1079 804 1112 872 id
1128 811 1180 874 est
1204 805 1247 874 ad
1273 779 1385 874 disci·

316 931 448 1024 plinam
471 954 548 1023 quae
577 953 640 1000 nec
669 931 713 998 ad
743 951 964 999 communem
989 951 1197 1014 usum,·nec
1219 929 1263 997 ad
1286 927 1385 998 illam

317 1054 519 1148 popularem
538 1054 742 1126 facultatem
759 1053 1055 1124 accommodatur.
1080 1054 1196 1130 Quare
1216 1053 1384 1145 exiguum

318 1159 402 1248 sane
431 1179 649 1248 commodum
677 1177 777 1247 Vivis
803 1178 1021 1270 apraeeeptis
1041 1176 1296 1268 expectandum
1316 1185 1382 1261 est,
1472 1267 1475 1272 Ι

319 1325 388 1374 non
401 1304 484 1396 quia
497 1302 560 1372 illa
582 1309 642 1372 aut
664 1302 775 1372 altera
800 1301 995 1371 studiorum
1015 1300 1146 1370 omissa
1165 1299 1270 1369 fuerit
1289 1322 1382 1394 pars,

320 1431 379 1502 sed
403 1431 579 1523 potissime
604 1429 688 1522 quia
706 1435 872 1521 concepta
898 1429 988 1498 ratio
1011 1427 1244 1520 paucissimis,
1277 1427 1312 1496 id
1335 1435 1393 1526 est

319 1555 459 1647 regiis,
478 1579 520 1625 ne
543 1555 670 1647 graecis
702 1555 898 1624 romanisve
917 1553 1042 1646 puellis
1058 1553 1227 1646 dicamus,
1246 1553 1386 1647 potius-

318 1703 422 1773 quam
438 1680 578 1772 gallicis
598 1680 832 1772 germanisve,
852 1687 934 1772 apta
948 1702 1022 1749 esse
1037 1679 1187 1749 videtur.

367 1806 500 1876 Puellis
519 1807 562 1876 iis
583 1828 674 1898 quas.
694 1806 846 1875 diximus
874 1827 980 1898 quum
1005 1804 1234 1896 singulariter
1258 1827 1398 1874 consu-¹

317 1932 417 2013 leret,
436 1931 644 2022 videquam
666 1930 778 2001 multa
798 1930 1005 2022 neglexerit,
1023 1927 1091 1999 nisi
1110 1953 1151 2000 ea
1166 1931 1282 2021 magis
1297 1938 1397 2000 tem-.

318 2079 443 2148 porum
463 2058 499 2125 in
519 2057 644 2148 quibus
665 2056 805 2136 vixerit,
824 2078 928 2147 quam
948 2054 1024 2147 ejus
1045 2054 1161 2147 culpa,
1184 2055 1301 2125 fuerit.

366 2181 447 2250 Jam
468 2180 654 2272 vulgarem
669 2203 878 2261 sermonem,
896 2187 935 2249 ut
950 2181 993 2248 ab
1009 2180 1075 2249 hoc
1090 2180 1281 2262 ordiamur,
1301 2180 1388 2249 adeo

318 2307 354 2375 in
367 2305 507 2375 fastidio
527 2304 655 2397 posuit,
672 2314 711 2375 ut
725 2305 757 2374 ei
779 2327 950 2396 nusquam
966 2304 1145 2396 proprium
1157 2303 1384 2396 peculiarem-

319 2453 385 2523 que
405 2430 520 2501 locum
538 2430 575 2498 in
590 2430 757 2500 universa
771 2430 990 2499 institutione
1004 2451 1069 2500 sua
1089 2429 1236 2499 dederit.
1255 2429 1388 2499 Deinde

320 2579 362 2626 ne
387 2577 495 2626 unum
520 2555 825 2656 quidemverbum
845 2554 927 2624 fecit
948 2554 989 2624 de
1009 2554 1138 2623 scholis
1158 2576 1244 2645 quas
1264 2553 1390 2647 cujus-

320 2702 468 2772 cumque
492 2679 631 2772 generis
658 2685 692 2750 et
724 2680 932 2750 conditionis
965 2679 1091 2772 puellae
1115 2673 1388 2771 frequentarent.

246 2886 247 2889 Ἴ
321 2807 484 2874 Attamen
502 2827 565 2874 nec
585 2828 739 2897 operam,
758 2828 820 2874 nec
834 2804 962 2886 oleum,
982 2812 1020 2875 ut
1034 2805 1147 2888 aiunt,
1169 2805 1389 2896 perdidisset,

321 2931 350 3000 si
375 2953 510 3022 eaquae
530 2931 565 3000 in
585 2931 681 3000 hisce
705 2928 798 3000 ludis
817 2937 930 2999 essent
953 2931 1141 3022 spectanda
1161 2937 1264 3021 atque
1289 2952 1392 3022 quae-

265 3143 268 3148 ,
322 3057 430 3126 renda
458 3056 552 3126 clare
585 3063 619 3125 et
641 3056 804 3126 distincte
831 3056 1034 3126 monuisset.
1055 3057 1176 3148 ltaque
1197 3055 1311 3146 magis
1326 3055 1392 3126 hoc

322 3181 592 3252 desiderandum
608 3187 642 3250 et
652 3181 899 3272 requirendum
915 3181 1015 3250 nobis
1025 3181 1177 3263 videtur,
1196 3181 1287 3273 quod
1300 3180 1392 3249 hanc

324 3305 435 3399 ipsam
450 3306 793 3399 quaestionemtquod
808 3306 852 3374 ad
865 3305 1099 3376 instituendos
1113 3329 1237 3399 pueros
1254 3306 1393 3395 attinet)

322 3433 465 3524 egregie
485 3431 667 3525 amplexus
681 3440 745 3517 est,
776 3433 845 3501 imo
869 3431 971 3524 plane
992 3433 1171 3525 persolvit.
1198 3433 1337 3502 Etenim
1355 3433 1392 3502 in

321 3557 381 3628 illo
401 3581 504 3651 opere
524 3559 581 3628 cui
603 3560 657 3628 Dc
673 3559 868 3648 corruptis
885 3559 1034 3628 arctoos
1055 3582 1179 3629 nomen
1200 3564 1264 3641 est,
1283 3582 1390 3649 quum

316 3686 394 3777 jam
415 3691 542 3753 caetera
557 3682 683 3754 melius
698 3707 801 3775 quam
817 3685 1028 3776 superiores,
1055 3692 1126 3754 tum
1145 3684 1278 3777 primus
1293 3682 1391 3753 intel-

321 3805 407 3876 lexit
450 3814 608 3899 oportere
651 3815 731 3877 ante
769 3808 887 3878 omnia
923 3809 1039 3880 locum
1068 3809 1252 3902 quemdam
1282 3807 1387 3900 elegi,

322 3953 425 4022 quam
437 3932 588 4002 maxime
603 3932 792 4015 salubrem,
811 3957 874 4003 nec
890 3956 959 4004 non
975 3957 1152 4005 amoenum
1167 3942 1201 4004 et
1216 3933 1388 4026 apricum,

321 4057 380 4149 qui
400 4055 494 4127 velut
513 4056 686 4128 illecebris
706 4059 899 4151 discipulos
907 4060 952 4129 ad
968 4059 1309 4130 assiduumlaborem
1327 4059 1395 4130 sol,

321 4183 484 4265 licitaret,
508 4206 571 4253 nec
587 4184 690 4253 nimis
714 4185 985 4276 frequentatum,
1008 4208 1119 4277 neque
1138 4192 1253 4255 tamen
1270 4186 1390 4256 admo-

322 4307 403 4377 dum
419 4308 612 4396 desertum3
631 4332 694 4379 nec
713 4332 920 4402 quemquam
947 4311 1095 4403 denique
1115 4311 1201 4380 adeo
1223 4311 1391 4380 admirari

321 4433 456 4520 debere,
475 4437 567 4528 quod
581 4443 681 4507 tanta
700 4461 786 4507 eura
804 4438 1069 4509 constituendus
1085 4446 1175 4508 esset
1189 4437 1307 4522 ludus,
1332 4439 1391 4509 ubi

322 4561 357 4629 in
400 4560 655 4653 discipulorum
693 4563 819 4632 animis
862 4571 1062 4634 nasceretur
1105 4571 1138 4633 et
1181 4563 1392 4634 adolesceret
