3436 5404
784 591 942 649 ..47-

329 755 502 837 futurum,
530 751 728 846 specialiter
747 760 865 824 autem
888 753 925 823 in
951 754 1007 825 his
1026 753 1184 847 partibus
1206 754 1243 823 in
1269 757 1396 848 quibus

328 879 440 951 utitur
453 878 611 972 personis
626 877 816 950 infamibus
827 885 861 950 et
875 878 1087 973 prohibitis(
1115 879 1142 972 ).
1170 905 1186 942 »
1205 879 1284 950 Non
1305 881 1396 974 quod

327 1003 421 1075 hanc
452 1003 714 1075 damnationem
746 1027 841 1098 aegre
870 1005 1037 1089 feramus
1065 1010 1184 1097 utpote
1221 1005 1281 1096 qul
1311 1006 1396 1078 satis

327 1136 491 1202 accurate
503 1153 610 1201 unam
621 1137 682 1201 aut
698 1129 844 1201 alteram
864 1131 906 1201 de
916 1130 1042 1201 naeniis
1058 1129 1134 1201 istis
1147 1130 1391 1222 attigerimus:

327 1262 531 1328 nontamen
551 1254 581 1325 si
601 1255 762 1346 quaedam
785 1277 891 1347 opera
912 1253 1140 1338 hilaritatem,
1159 1261 1220 1325 aut
1229 1255 1395 1348 jucundi-

328 1389 450 1465 tatem,
469 1387 530 1451 aut
549 1379 707 1451 laetitiam
722 1378 883 1463 afferent,
900 1379 977 1450 ideo
1000 1377 1178 1462 tollentur,
1200 1379 1395 1474 praesertim

327 1532 433 1603 quum
462 1531 524 1602 per
551 1514 602 1578 tot
630 1530 739 1578 annos
755 1507 951 1578 incredibili
975 1506 1168 1600 legentium
1191 1507 1313 1598 favore
1332 1484 1410 1579 llo-¹

329 1635 477 1707 ruerint.

374 1760 454 1830 Non
464 1758 547 1828 Viri
556 1759 670 1852 magis
682 1757 819 1829 videtur
833 1757 1087 1828 admovendam
1102 1779 1178 1828 esse
1197 1757 1242 1827 ad
1258 1765 1395 1829 naturae

326 1885 561 1980 cognitionem
587 1882 741 1976 puellam
774 1905 885 1975 neque
914 1883 950 1952 in
978 1905 1020 1953 ea
1051 1905 1128 1954 esse
1161 1874 1391 1954 retinendam.
1490 1981 1491 1984 Ἴ

326 2010 460 2104 Nempe
470 2009 647 2080 metuebat
666 2032 709 2079 ne
724 2008 779 2079 vel
790 2006 985 2092 inutilibus,
1005 2007 1060 2078 vel
1075 2007 1192 2078 stultis
1209 2008 1245 2078 in
1261 2016 1396 2081 contro-

327 2135 464 2220 versiis,
489 2141 528 2206 ut
546 2141 622 2205 tum
641 2139 742 2204 erant
764 2140 935 2226 tempora,
960 2132 1048 2202 meri
1068 2131 1203 2224 ingenii
1218 2133 1309 2204 vires
1324 2131 1395 2204 dis-

327 2261 565 2354 perderentur.
589 2259 676 2338 Quis
692 2258 786 2329 enim
794 2259 872 2352 jam
892 2257 1004 2328 nescit
1023 2265 1155 2350 quanta
1174 2280 1255 2329 oum
1270 2258 1396 2331 delira-

326 2387 419 2460 tione
447 2387 489 2457 de
516 2385 711 2479 principiis,
729 2385 771 2455 de
796 2384 911 2477 prima
929 2383 1090 2467 materia,
1120 2383 1162 2454 de
1183 2383 1331 2469 infinita,
1354 2385 1396 2454 de

326 2511 505 2597 uni'vers0‚
532 2534 593 2606 per
621 2517 760 2581 aetatem
784 2508 881 2580 illam
904 2509 1155 2602 disputaretur,
1179 2532 1287 2602 quum
1307 2509 1397 2581 nihil

325 2639 397 2708 fere
410 2637 588 2730 legeretur
608 2635 717 2718 aliud,
735 2636 803 2706 nisi
818 2658 860 2706 ea
874 2657 981 2728 opere
999 2635 1036 2705 in
1059 2635 1185 2727 quibus
1205 2635 1248 2707 de
1263 2636 1397 2707 anima-

326 2761 431 2846 libus,
463 2762 505 2834 de
534 2762 677 2855 pientia,
709 2762 751 2832 de
780 2761 942 2832 meteoris
969 2783 1126 2832 summus
1149 2760 1210 2832 ille
1228 2761 1397 2854 magister

327 2889 553 2971 disseruerat,
580 2886 799 2959 Aristoteles.
828 2895 993 2958 Attamen
1017 2886 1159 2959 cuilibet
1178 2887 1306 2981 puellae
1327 2911 1395 2959 non

326 3014 430 3085 modo
447 3013 706 3085 incommodum
726 3037 795 3084 non
815 3013 951 3098 fuisset,
975 3013 1155 3084 sedetiam
1175 3012 1273 3098 utile,
1298 3022 1397 3099 natu-

325 3161 398 3209 ram
410 3161 527 3210 rarum
542 3139 696 3222 odorari,
709 3145 744 3209 et
758 3160 860 3209 nosse
878 3138 962 3230 quid
978 3136 1112 3219 nubila,
1135 3136 1219 3230 quid
1236 3137 1392 3223 metalla,

324 3265 408 3358 quid
428 3265 556 3349 sidera,
580 3265 663 3357 quid
688 3264 828 3346 coelum,
855 3263 939 3355 quid
968 3269 1114 3347 montes
1137 3262 1221 3355 quid
1245 3263 1391 3356 lapidee,

324 3397 451 3462 essent.

375 3517 491 3594 Quum
515 3516 717 3587 facundiam
740 3516 947 3586 mulieribus
967 3514 1182 3586 nullomodo
1203 3536 1395 3608 congruere

325 3646 476 3733 putaret,
495 3662 619 3734 nempe
634 3639 717 3732 quia
740 3669 756 3704 «
779 3639 837 3709 ubi
853 3639 978 3731 lingua
1004 3663 1059 3710 res
1080 3639 1228 3732 geritur,
1252 3663 1296 3711 ne
1310 3663 1394 3733 sep-

327 3772 395 3835 tem
411 3767 550 3859 quidem
571 3766 637 3835 viri
655 3788 755 3858 pares
771 3772 853 3835 sunt
867 3765 929 3836 uni
946 3766 1099 3836 foeminae
1115 3765 1168 3858 (2)
1187 3794 1220 3851 »‚
1239 3765 1395 3836 rhetori—

325 3912 402 3960 cam
428 3890 561 3983 pariter
582 3890 711 3960 omisit.
738 3889 926 3960 Justumne
945 3889 991 3960 sit
1010 3891 1077 3961 hoc
1101 3890 1295 3975 fastidium,
1311 3891 1394 3985 jure

308 4015 505 4108 ambigas,
551 4015 748 4108 praesertim
785 4038 892 4108 quum
925 4014 1100 4086 rhetorica
1132 4016 1177 4086 sit
1209 4016 1394 4088 verborum

357 4246 392 4310 (l)
410 4247 439 4296 J.
455 4247 596 4298 Gereonii.
614 4249 717 4310 Opera.
734 4247 860 4304 Parisiis
883 4245 956 4296 1606.
1112 4281 1113 4284 ,

592 4329 686 4378 Tract.
700 4334 804 4379 contra
815 4327 1005 4378 Recitantium
1021 4330 1056 4378 de
1067 4330 1154 4388 Rosa,
1167 4328 1195 4377 T.
1208 4329 1255 4380 IV.
1268 4329 1325 4379 Col.
1337 4328 1392 4379 935.

358 4418 393 4482 (2)
406 4418 515 4468 Erasm.
531 4419 689 4480 colloquia.

528 4509 689 4570 Puerpera,
708 4508 740 4556 Τ.
761 4508 784 4558 Ι.
798 4523 827 4572 p.
848 4508 905 4559 650.
