<?xml version="1.0" encoding="UTF-8"?>
<!DOCTYPE html PUBLIC "-//W3C//DTD XHTML 1.0 Transitional//EN"
    "http://www.w3.org/TR/xhtml1/DTD/xhtml1-transitional.dtd">
<html xmlns="http://www.w3.org/1999/xhtml" xml:lang="en" lang="en">
 <head>
  <title>
</title>
<meta http-equiv="Content-Type" content="text/html;charset=utf-8" />
  <meta name='ocr-system' content='tesseract 3.04.00' />
  <meta name='ocr-capabilities' content='ocr_page ocr_carea ocr_par ocr_line ocrx_word'/>
</head>
<body>
  <div class='ocr_page' id='page_1' title='image "./quiddepuellisin00thibgoog_0090.png"; bbox 0 0 3436 5404; ppageno 0'>
   <div class='ocr_carea' id='block_1_1' title="bbox 744 536 961 596">
    <p class='ocr_par' dir='ltr' id='par_1_1' title="bbox 744 536 961 596">
     <span class='ocr_line' id='line_1_1' title="bbox 744 536 961 596; baseline -0.005 0"><span class='ocrx_word' id='word_1_1' title='bbox 744 536 961 596; x_wconf 83' lang='lat' dir='ltr'>·-a1-</span> 
     </span>
    </p>
   </div>
   <div class='ocr_carea' id='block_1_2' title="bbox 346 699 1421 1665">
    <p class='ocr_par' dir='ltr' id='par_1_2' title="bbox 346 699 1421 1665">
     <span class='ocr_line' id='line_1_2' title="bbox 348 699 1409 796; baseline 0.003 -24"><span class='ocrx_word' id='word_1_2' title='bbox 348 699 587 772; x_wconf 84' lang='lat' dir='ltr'><strong>Gracchorum</strong></span> <span class='ocrx_word' id='word_1_3' title='bbox 608 706 732 786; x_wconf 86' lang='lat' dir='ltr'>mater,</span> <span class='ocrx_word' id='word_1_4' title='bbox 751 721 829 791; x_wconf 87' lang='lat' dir='ltr'>quae</span> <span class='ocrx_word' id='word_1_5' title='bbox 839 722 984 770; x_wconf 89' lang='lat' dir='ltr'>summae</span> <span class='ocrx_word' id='word_1_6' title='bbox 995 700 1184 773; x_wconf 89' lang='lat' dir='ltr'>liberorum</span> <span class='ocrx_word' id='word_1_7' title='bbox 1203 701 1409 796; x_wconf 69' lang='lat' dir='ltr'>eloquentiae</span> 
     </span>
     <span class='ocr_line' id='line_1_3' title="bbox 347 825 1421 923; baseline 0.003 -26"><span class='ocrx_word' id='word_1_8' title='bbox 347 835 481 898; x_wconf 90' lang='lat' dir='ltr'>tantum</span> <span class='ocrx_word' id='word_1_9' title='bbox 494 825 651 897; x_wconf 85' lang='lat' dir='ltr'>contulit.</span> <span class='ocrx_word' id='word_1_10' title='bbox 664 825 824 896; x_wconf 89' lang='lat' dir='ltr'>Prodiret</span> <span class='ocrx_word' id='word_1_11' title='bbox 834 825 895 895; x_wconf 91' lang='lat' dir='ltr'>illa</span> <span class='ocrx_word' id='word_1_12' title='bbox 906 826 1043 910; x_wconf 84' lang='lat' dir='ltr'>Porcia,</span> <span class='ocrx_word' id='word_1_13' title='bbox 1059 849 1137 919; x_wconf 89' lang='lat' dir='ltr'>quae</span> <span class='ocrx_word' id='word_1_14' title='bbox 1152 827 1292 900; x_wconf 84' lang='lat' dir='ltr'>Catonis</span> <span class='ocrx_word' id='word_1_15' title='bbox 1304 831 1421 923; x_wconf 93' lang='lat' dir='ltr'>ipsius-</span> 
     </span>
     <span class='ocr_line' id='line_1_4' title="bbox 347 953 1414 1048; baseline 0.003 -24"><span class='ocrx_word' id='word_1_16' title='bbox 347 955 553 1048; x_wconf 89' lang='lat' dir='ltr'>sapientiam</span> <span class='ocrx_word' id='word_1_17' title='bbox 573 953 796 1044; x_wconf 89' lang='lat' dir='ltr'>animumque</span> <span class='ocrx_word' id='word_1_18' title='bbox 812 953 848 1022; x_wconf 93' lang='lat' dir='ltr'>in</span> <span class='ocrx_word' id='word_1_19' title='bbox 863 953 1018 1024; x_wconf 89' lang='lat' dir='ltr'>moribus</span> <span class='ocrx_word' id='word_1_20' title='bbox 1041 962 1075 1026; x_wconf 88' lang='lat' dir='ltr'>et</span> <span class='ocrx_word' id='word_1_21' title='bbox 1090 955 1125 1024; x_wconf 95' lang='lat' dir='ltr'>in</span> <span class='ocrx_word' id='word_1_22' title='bbox 1147 955 1243 1025; x_wconf 90' lang='lat' dir='ltr'>omni</span> <span class='ocrx_word' id='word_1_23' title='bbox 1258 979 1322 1027; x_wconf 91' lang='lat' dir='ltr'>sua</span> <span class='ocrx_word' id='word_1_24' title='bbox 1342 958 1414 1027; x_wconf 89' lang='lat' dir='ltr'>vita</span> 
     </span>
     <span class='ocr_line' id='line_1_5' title="bbox 346 1079 1413 1174; baseline 0 -19"><span class='ocrx_word' id='word_1_25' title='bbox 346 1083 476 1155; x_wconf 82' lang='lat' dir='ltr'>retulit.</span> <span class='ocrx_word' id='word_1_26' title='bbox 495 1082 654 1153; x_wconf 89' lang='lat' dir='ltr'>Prodiret</span> <span class='ocrx_word' id='word_1_27' title='bbox 668 1081 858 1150; x_wconf 89' lang='lat' dir='ltr'>Hortensia</span> <span class='ocrx_word' id='word_1_28' title='bbox 882 1079 956 1164; x_wconf 91' lang='lat' dir='ltr'>illa,</span> <span class='ocrx_word' id='word_1_29' title='bbox 985 1102 1061 1172; x_wconf 85' lang='lat' dir='ltr'>qnae</span> <span class='ocrx_word' id='word_1_30' title='bbox 1081 1089 1261 1174; x_wconf 90' lang='lat' dir='ltr'>paternam</span> <span class='ocrx_word' id='word_1_31' title='bbox 1286 1085 1322 1154; x_wconf 93' lang='lat' dir='ltr'>in</span> <span class='ocrx_word' id='word_1_32' title='bbox 1342 1085 1413 1155; x_wconf 93' lang='lat' dir='ltr'>elo-</span> 
     </span>
     <span class='ocr_line' id='line_1_6' title="bbox 347 1205 1409 1301; baseline 0.002 -23"><span class='ocrx_word' id='word_1_33' title='bbox 347 1208 482 1301; x_wconf 92' lang='lat' dir='ltr'>quendo</span> <span class='ocrx_word' id='word_1_34' title='bbox 512 1207 581 1276; x_wconf 92' lang='lat' dir='ltr'>vim</span> <span class='ocrx_word' id='word_1_35' title='bbox 604 1206 764 1277; x_wconf 81' lang='lat' dir='ltr'>reddidit.</span> <span class='ocrx_word' id='word_1_36' title='bbox 787 1205 977 1276; x_wconf 75' lang='lat' dir='ltr'>prodirent</span> <span class='ocrx_word' id='word_1_37' title='bbox 999 1207 1147 1299; x_wconf 90' lang='lat' dir='ltr'>denique</span> <span class='ocrx_word' id='word_1_38' title='bbox 1172 1208 1291 1279; x_wconf 88' lang='lat' dir='ltr'>multae</span> <span class='ocrx_word' id='word_1_39' title='bbox 1318 1209 1409 1296; x_wconf 70' lang='lat' dir='ltr'>aliae.</span> 
     </span>
     <span class='ocr_line' id='line_1_7' title="bbox 347 1330 1412 1426; baseline -0.001 -22"><span class='ocrx_word' id='word_1_40' title='bbox 347 1333 438 1426; x_wconf 91' lang='lat' dir='ltr'>apud</span> <span class='ocrx_word' id='word_1_41' title='bbox 463 1356 550 1424; x_wconf 90' lang='lat' dir='ltr'>quas</span> <span class='ocrx_word' id='word_1_42' title='bbox 572 1330 887 1425; x_wconf 83' lang='lat' dir='ltr'>praestantissimus</span> <span class='ocrx_word' id='word_1_43' title='bbox 912 1331 1051 1401; x_wconf 86' lang='lat' dir='ltr'>animus</span> <span class='ocrx_word' id='word_1_44' title='bbox 1077 1355 1230 1402; x_wconf 89' lang='lat' dir='ltr'>necnon</span> <span class='ocrx_word' id='word_1_45' title='bbox 1257 1335 1412 1405; x_wconf 92' lang='lat' dir='ltr'>omnium</span> 
     </span>
     <span class='ocr_line' id='line_1_8' title="bbox 347 1451 1410 1550; baseline 0 -24"><span class='ocrx_word' id='word_1_46' title='bbox 347 1461 517 1528; x_wconf 87' lang='lat' dir='ltr'>virtutum</span> <span class='ocrx_word' id='word_1_47' title='bbox 528 1451 707 1549; x_wconf 84' lang='lat' dir='ltr'>exemplar</span> <span class='ocrx_word' id='word_1_48' title='bbox 719 1454 932 1525; x_wconf 79' lang='lat' dir='ltr'>relucebant.</span> <span class='ocrx_word' id='word_1_49' title='bbox 948 1455 1033 1532; x_wconf 81' lang='lat' dir='ltr'>Quis</span> <span class='ocrx_word' id='word_1_50' title='bbox 1044 1457 1138 1526; x_wconf 92' lang='lat' dir='ltr'>enim</span> <span class='ocrx_word' id='word_1_51' title='bbox 1150 1456 1290 1548; x_wconf 78' lang='lat' dir='ltr'>ignerat</span> <span class='ocrx_word' id='word_1_52' title='bbox 1300 1457 1410 1550; x_wconf 81' lang='lat' dir='ltr'>ipsam</span> 
     </span>
     <span class='ocr_line' id='line_1_9' title="bbox 346 1580 1409 1665; baseline -0.004 -9"><span class='ocrx_word' id='word_1_53' title='bbox 346 1584 460 1656; x_wconf 84' lang='lat' dir='ltr'>Caroli</span> <span class='ocrx_word' id='word_1_54' title='bbox 477 1584 596 1663; x_wconf 81' lang='lat' dir='ltr'>Quinti</span> <span class='ocrx_word' id='word_1_55' title='bbox 609 1589 755 1652; x_wconf 86' lang='lat' dir='ltr'>matrem</span> <span class='ocrx_word' id='word_1_56' title='bbox 767 1582 817 1651; x_wconf 93' lang='lat' dir='ltr'>ita</span> <span class='ocrx_word' id='word_1_57' title='bbox 826 1580 946 1651; x_wconf 89' lang='lat' dir='ltr'>latinis</span> <span class='ocrx_word' id='word_1_58' title='bbox 957 1580 1083 1652; x_wconf 87' lang='lat' dir='ltr'>litteris</span> <span class='ocrx_word' id='word_1_59' title='bbox 1095 1582 1203 1653; x_wconf 83' lang='lat' dir='ltr'>luisse</span> <span class='ocrx_word' id='word_1_60' title='bbox 1223 1583 1409 1665; x_wconf 88' lang='lat' dir='ltr'>eruditam,</span> 
     </span>
    </p>
   </div>
   <div class='ocr_carea' id='block_1_3' title="bbox 347 1706 1518 1802">
    <p class='ocr_par' dir='ltr' id='par_1_3' title="bbox 347 1706 1518 1806">
     <span class='ocr_line' id='line_1_10' title="bbox 347 1706 1518 1802; baseline 0.002 -20"><span class='ocrx_word' id='word_1_61' title='bbox 347 1719 384 1782; x_wconf 93' lang='lat' dir='ltr'>ut</span> <span class='ocrx_word' id='word_1_62' title='bbox 413 1709 539 1802; x_wconf 82' lang='lat' dir='ltr'>legatis</span> <span class='ocrx_word' id='word_1_63' title='bbox 563 1731 606 1780; x_wconf 87' lang='lat' dir='ltr'>ex</span> <span class='ocrx_word' id='word_1_64' title='bbox 631 1716 784 1799; x_wconf 91' lang='lat' dir='ltr'>tempore</span> <span class='ocrx_word' id='word_1_65' title='bbox 807 1706 1066 1798; x_wconf 82' lang='lat' dir='ltr'>elegantissime</span> <span class='ocrx_word' id='word_1_66' title='bbox 1105 1709 1412 1800; x_wconf 81' lang='lat' dir='ltr'>copiosissimeque</span> <span class='ocrx_word' id='word_1_67' title='bbox 1515 1777 1518 1784; x_wconf 79' lang='grc'>,</span> 
     </span>
    </p>
   </div>
   <div class='ocr_carea' id='block_1_4' title="bbox 263 1830 1519 4440">
    <p class='ocr_par' dir='ltr' id='par_1_4' title="bbox 342 1830 1519 3430">
     <span class='ocr_line' id='line_1_11' title="bbox 347 1830 1412 1929; baseline 0 -25"><span class='ocrx_word' id='word_1_68' title='bbox 347 1833 587 1929; x_wconf 69' lang='lat' dir='ltr'>responderet?</span> <span class='ocrx_word' id='word_1_69' title='bbox 598 1833 688 1911; x_wconf 81' lang='lat' dir='ltr'>Quid</span> <span class='ocrx_word' id='word_1_70' title='bbox 701 1831 791 1925; x_wconf 91' lang='lat' dir='ltr'>quod</span> <span class='ocrx_word' id='word_1_71' title='bbox 805 1830 888 1902; x_wconf 85' lang='lat' dir='ltr'>filiae</span> <span class='ocrx_word' id='word_1_72' title='bbox 900 1832 1046 1902; x_wconf 89' lang='lat' dir='ltr'>Thomae</span> <span class='ocrx_word' id='word_1_73' title='bbox 1056 1832 1161 1918; x_wconf 88' lang='lat' dir='ltr'>Mori,</span> <span class='ocrx_word' id='word_1_74' title='bbox 1177 1835 1278 1925; x_wconf 90' lang='lat' dir='ltr'>cujus</span> <span class='ocrx_word' id='word_1_75' title='bbox 1288 1833 1412 1904; x_wconf 89' lang='lat' dir='ltr'>domus</span> 
     </span>
     <span class='ocr_line' id='line_1_12' title="bbox 347 1956 1412 2052; baseline 0.004 -27"><span class='ocrx_word' id='word_1_76' title='bbox 347 1993 362 2025; x_wconf 84' lang='lat'>«</span> <span class='ocrx_word' id='word_1_77' title='bbox 394 1960 483 2031; x_wconf 90' lang='lat' dir='ltr'>nihil</span> <span class='ocrx_word' id='word_1_78' title='bbox 499 1959 594 2029; x_wconf 90' lang='lat' dir='ltr'>alind</span> <span class='ocrx_word' id='word_1_79' title='bbox 606 1980 711 2051; x_wconf 92' lang='lat' dir='ltr'>quam</span> <span class='ocrx_word' id='word_1_80' title='bbox 727 1959 909 2028; x_wconf 82' lang='lat' dir='ltr'>Musarum</span> <span class='ocrx_word' id='word_1_81' title='bbox 924 1956 1139 2027; x_wconf 88' lang='lat' dir='ltr'>domicilium</span> <span class='ocrx_word' id='word_1_82' title='bbox 1154 1986 1170 2020; x_wconf 89' lang='lat'>»</span> <span class='ocrx_word' id='word_1_83' title='bbox 1193 1966 1280 2045; x_wconf 74' lang='lat' dir='ltr'>erat,</span> <span class='ocrx_word' id='word_1_84' title='bbox 1304 1990 1320 2024; x_wconf 89' lang='lat'>«</span> <span class='ocrx_word' id='word_1_85' title='bbox 1339 1960 1412 2052; x_wconf 87' lang='lat' dir='ltr'>pri-</span> 
     </span>
     <span class='ocr_line' id='line_1_13' title="bbox 344 2081 1412 2175; baseline -0.002 -19"><span class='ocrx_word' id='word_1_86' title='bbox 344 2109 440 2156; x_wconf 91' lang='lat' dir='ltr'>mum</span> <span class='ocrx_word' id='word_1_87' title='bbox 473 2085 577 2154; x_wconf 88' lang='lat' dir='ltr'>castis</span> <span class='ocrx_word' id='word_1_88' title='bbox 607 2107 647 2153; x_wconf 86' lang='lat' dir='ltr'>ac</span> <span class='ocrx_word' id='word_1_89' title='bbox 676 2082 807 2153; x_wconf 88' lang='lat' dir='ltr'>sanctis</span> <span class='ocrx_word' id='word_1_90' title='bbox 836 2082 1004 2165; x_wconf 86' lang='lat' dir='ltr'>moribus,</span> <span class='ocrx_word' id='word_1_91' title='bbox 1037 2081 1162 2172; x_wconf 84' lang='lat' dir='ltr'>deinde</span> <span class='ocrx_word' id='word_1_92' title='bbox 1192 2082 1412 2175; x_wconf 87' lang='lat' dir='ltr'>politioribus</span> 
     </span>
     <span class='ocr_line' id='line_1_14' title="bbox 343 2179 1519 2298; baseline -0.002 -18"><span class='ocrx_word' id='word_1_93' title='bbox 343 2211 505 2281; x_wconf 87' lang='lat' dir='ltr'>litteris»</span> <span class='ocrx_word' id='word_1_94' title='bbox 528 2209 578 2279; x_wconf 87' lang='lat' dir='ltr'>ita</span> <span class='ocrx_word' id='word_1_95' title='bbox 592 2209 735 2279; x_wconf 78' lang='lat' dir='ltr'>imbutae</span> <span class='ocrx_word' id='word_1_96' title='bbox 750 2213 861 2293; x_wconf 82' lang='lat' dir='ltr'>erant,</span> <span class='ocrx_word' id='word_1_97' title='bbox 886 2213 924 2276; x_wconf 88' lang='lat' dir='ltr'>ut</span> <span class='ocrx_word' id='word_1_98' title='bbox 943 2207 1035 2298; x_wconf 90' lang='lat' dir='ltr'>apud</span> <span class='ocrx_word' id='word_1_99' title='bbox 1055 2229 1114 2277; x_wconf 90' lang='lat' dir='ltr'>eas</span> <span class='ocrx_word' id='word_1_100' title='bbox 1129 2230 1203 2277; x_wconf 88' lang='lat' dir='ltr'>esse</span> <span class='ocrx_word' id='word_1_101' title='bbox 1226 2239 1242 2272; x_wconf 87' lang='lat'>«</span> <span class='ocrx_word' id='word_1_102' title='bbox 1266 2207 1412 2278; x_wconf 89' lang='lat' dir='ltr'>alteram</span> <span class='ocrx_word' id='word_1_103' title='bbox 1515 2179 1519 2192; x_wconf 45' lang='grc'>’</span> 
     </span>
     <span class='ocr_line' id='line_1_15' title="bbox 344 2331 1413 2423; baseline -0.002 -17"><span class='ocrx_word' id='word_1_104' title='bbox 344 2336 503 2406; x_wconf 87' lang='lat' dir='ltr'>Platonis</span> <span class='ocrx_word' id='word_1_105' title='bbox 519 2333 764 2404; x_wconf 81' lang='lat' dir='ltr'>academiam»</span> <span class='ocrx_word' id='word_1_106' title='bbox 779 2331 922 2414; x_wconf 78' lang='lat' dir='ltr'>dixeris,</span> <span class='ocrx_word' id='word_1_107' title='bbox 941 2331 975 2400; x_wconf 94' lang='lat' dir='ltr'>in</span> <span class='ocrx_word' id='word_1_108' title='bbox 992 2353 1061 2423; x_wconf 88' lang='lat' dir='ltr'>qua</span> <span class='ocrx_word' id='word_1_109' title='bbox 1078 2332 1204 2402; x_wconf 93' lang='lat' dir='ltr'>nonde</span> <span class='ocrx_word' id='word_1_110' title='bbox 1223 2363 1238 2397; x_wconf 78' lang='grc' dir='ltr'>α</span> <span class='ocrx_word' id='word_1_111' title='bbox 1259 2334 1413 2404; x_wconf 90' lang='lat' dir='ltr'>numeris</span> 
     </span>
     <span class='ocr_line' id='line_1_16' title="bbox 343 2457 1410 2552; baseline -0.001 -22"><span class='ocrx_word' id='word_1_112' title='bbox 343 2484 383 2530; x_wconf 91' lang='lat' dir='ltr'>ac</span> <span class='ocrx_word' id='word_1_113' title='bbox 401 2460 524 2552; x_wconf 79' lang='lat' dir='ltr'>figuris</span> <span class='ocrx_word' id='word_1_114' title='bbox 539 2458 761 2552; x_wconf 85' lang='lat' dir='ltr'>geometricis</span> <span class='ocrx_word' id='word_1_115' title='bbox 779 2487 810 2541; x_wconf 71' lang='lat' dir='ltr'>a,</span> <span class='ocrx_word' id='word_1_116' title='bbox 834 2457 893 2527; x_wconf 90' lang='lat' dir='ltr'>sed</span> <span class='ocrx_word' id='word_1_117' title='bbox 912 2457 954 2527; x_wconf 92' lang='lat' dir='ltr'>de</span> <span class='ocrx_word' id='word_1_118' title='bbox 972 2457 1099 2528; x_wconf 88' lang='lat' dir='ltr'>virtute</span> <span class='ocrx_word' id='word_1_119' title='bbox 1113 2457 1223 2550; x_wconf 90' lang='lat' dir='ltr'>deque</span> <span class='ocrx_word' id='word_1_120' title='bbox 1239 2458 1410 2550; x_wconf 81' lang='lat' dir='ltr'>religione</span> 
     </span>
     <span class='ocr_line' id='line_1_17' title="bbox 343 2581 1412 2680; baseline -0.004 -23"><span class='ocrx_word' id='word_1_121' title='bbox 343 2586 600 2680; x_wconf 88' lang='lat' dir='ltr'>disputabatur,</span> <span class='ocrx_word' id='word_1_122' title='bbox 630 2606 738 2676; x_wconf 90' lang='lat' dir='ltr'>quum</span> <span class='ocrx_word' id='word_1_123' title='bbox 760 2583 796 2652; x_wconf 90' lang='lat' dir='ltr'>in</span> <span class='ocrx_word' id='word_1_124' title='bbox 825 2613 840 2648; x_wconf 72' lang='grc' dir='ltr'><em>α</em></span> <span class='ocrx_word' id='word_1_125' title='bbox 870 2583 935 2652; x_wconf 89' lang='lat' dir='ltr'>hoc</span> <span class='ocrx_word' id='word_1_126' title='bbox 964 2581 1070 2652; x_wconf 89' lang='lat' dir='ltr'>chero</span> <span class='ocrx_word' id='word_1_127' title='bbox 1094 2583 1238 2652; x_wconf 89' lang='lat' dir='ltr'>amabili</span> <span class='ocrx_word' id='word_1_128' title='bbox 1268 2612 1284 2647; x_wconf 87' lang='lat'>»</span> <span class='ocrx_word' id='word_1_129' title='bbox 1315 2582 1412 2655; x_wconf 92' lang='lat' dir='ltr'>nulla</span> 
     </span>
     <span class='ocr_line' id='line_1_18' title="bbox 344 2708 1413 2804; baseline 0 -22"><span class='ocrx_word' id='word_1_130' title='bbox 344 2735 412 2784; x_wconf 93' lang='lat' dir='ltr'>non</span> <span class='ocrx_word' id='word_1_131' title='bbox 429 2719 567 2783; x_wconf 86' lang='lat' dir='ltr'>vacaret</span> <span class='ocrx_word' id='word_1_132' title='bbox 598 2739 613 2775; x_wconf 61' lang='grc' dir='ltr'>ι(</span> <span class='ocrx_word' id='word_1_133' title='bbox 636 2708 838 2780; x_wconf 89' lang='lat' dir='ltr'>liberalibus</span> <span class='ocrx_word' id='word_1_134' title='bbox 858 2708 1053 2802; x_wconf 91' lang='lat' dir='ltr'>disciplinis</span> <span class='ocrx_word' id='word_1_135' title='bbox 1068 2710 1322 2804; x_wconf 80' lang='lat' dir='ltr'>frugiferaeque</span> <span class='ocrx_word' id='word_1_136' title='bbox 1334 2712 1413 2783; x_wconf 86' lang='lat' dir='ltr'>lec-</span> 
     </span>
     <span class='ocr_line' id='line_1_19' title="bbox 344 2835 1411 2930; baseline -0.002 -22"><span class='ocrx_word' id='word_1_137' title='bbox 344 2838 443 2923; x_wconf 79' lang='lat' dir='ltr'>lieni,</span> <span class='ocrx_word' id='word_1_138' title='bbox 466 2836 602 2907; x_wconf 85' lang='lat' dir='ltr'>tametsi</span> <span class='ocrx_word' id='word_1_139' title='bbox 627 2835 805 2928; x_wconf 92' lang='lat' dir='ltr'>praecipua</span> <span class='ocrx_word' id='word_1_140' title='bbox 828 2835 1010 2927; x_wconf 90' lang='lat' dir='ltr'>primaque</span> <span class='ocrx_word' id='word_1_141' title='bbox 1035 2836 1173 2928; x_wconf 85' lang='lat' dir='ltr'>pietatis</span> <span class='ocrx_word' id='word_1_142' title='bbox 1197 2860 1283 2908; x_wconf 90' lang='lat' dir='ltr'>cura</span> <span class='ocrx_word' id='word_1_143' title='bbox 1309 2839 1363 2930; x_wconf 85' lang='lat' dir='ltr'>(l)</span> <span class='ocrx_word' id='word_1_144' title='bbox 1394 2842 1411 2898; x_wconf 78' lang='lat'>»&#39;</span> 
     </span>
     <span class='ocr_line' id='line_1_20' title="bbox 344 2958 1412 3054; baseline -0.002 -22"><span class='ocrx_word' id='word_1_145' title='bbox 344 2971 444 3032; x_wconf 90' lang='lat' dir='ltr'>esset.</span> <span class='ocrx_word' id='word_1_146' title='bbox 477 2959 567 3038; x_wconf 80' lang='lat' dir='ltr'>Quid</span> <span class='ocrx_word' id='word_1_147' title='bbox 604 2959 696 3051; x_wconf 92' lang='lat' dir='ltr'>quod</span> <span class='ocrx_word' id='word_1_148' title='bbox 731 2958 879 3050; x_wconf 89' lang='lat' dir='ltr'>deniqne</span> <span class='ocrx_word' id='word_1_149' title='bbox 915 2959 995 3029; x_wconf 93' lang='lat' dir='ltr'>huic</span> <span class='ocrx_word' id='word_1_150' title='bbox 1036 2983 1182 3030; x_wconf 88' lang='lat' dir='ltr'>numero</span> <span class='ocrx_word' id='word_1_151' title='bbox 1220 2960 1412 3054; x_wconf 79' lang='lat' dir='ltr'>adjungere</span> 
     </span>
     <span class='ocr_line' id='line_1_21' title="bbox 344 3083 1409 3181; baseline -0.001 -24"><span class='ocrx_word' id='word_1_152' title='bbox 344 3083 626 3181; x_wconf 90' lang='lat' dir='ltr'>potuissetVives</span> <span class='ocrx_word' id='word_1_153' title='bbox 642 3085 677 3154; x_wconf 88' lang='lat' dir='ltr'>in</span> <span class='ocrx_word' id='word_1_154' title='bbox 689 3083 1118 3155; x_wconf 85' lang='lat' dir='ltr'>GermaniaBilibaldicas</span> <span class='ocrx_word' id='word_1_155' title='bbox 1129 3093 1163 3156; x_wconf 91' lang='lat' dir='ltr'>et</span> <span class='ocrx_word' id='word_1_156' title='bbox 1173 3085 1409 3172; x_wconf 74' lang='lat' dir='ltr'>BlaurericaS,</span> 
     </span>
     <span class='ocr_line' id='line_1_22' title="bbox 342 3209 1411 3304; baseline -0.001 -21"><span class='ocrx_word' id='word_1_157' title='bbox 342 3235 421 3304; x_wconf 88' lang='lat' dir='ltr'>quae</span> <span class='ocrx_word' id='word_1_158' title='bbox 436 3210 660 3292; x_wconf 70' lang='lat' dir='ltr'>doctissimae,</span> <span class='ocrx_word' id='word_1_159' title='bbox 679 3215 843 3291; x_wconf 77' lang='lat' dir='ltr'>ulerunt,</span> <span class='ocrx_word' id='word_1_160' title='bbox 868 3231 930 3278; x_wconf 92' lang='lat' dir='ltr'>nec</span> <span class='ocrx_word' id='word_1_161' title='bbox 946 3231 1014 3278; x_wconf 90' lang='lat' dir='ltr'>non</span> <span class='ocrx_word' id='word_1_162' title='bbox 1029 3209 1157 3281; x_wconf 88' lang='lat' dir='ltr'>virtute</span> <span class='ocrx_word' id='word_1_163' title='bbox 1174 3211 1411 3304; x_wconf 89' lang='lat' dir='ltr'>pudicitiaque</span> 
     </span>
     <span class='ocr_line' id='line_1_23' title="bbox 342 3334 800 3430; baseline -0.007 -24"><span class='ocrx_word' id='word_1_164' title='bbox 342 3343 548 3430; x_wconf 85' lang='lat' dir='ltr'>praestantes</span> <span class='ocrx_word' id='word_1_165' title='bbox 558 3334 800 3405; x_wconf 68' lang='lat' dir='ltr'>habebantur?</span> 
     </span>
    </p>

    <p class='ocr_par' dir='ltr' id='par_1_5' title="bbox 343 3460 1413 3658">
     <span class='ocr_line' id='line_1_24' title="bbox 392 3460 1413 3560; baseline 0.002 -28"><span class='ocrx_word' id='word_1_166' title='bbox 392 3464 573 3543; x_wconf 87' lang='lat' dir='ltr'>Postremo</span> <span class='ocrx_word' id='word_1_167' title='bbox 586 3460 681 3531; x_wconf 90' lang='lat' dir='ltr'>aliud</span> <span class='ocrx_word' id='word_1_168' title='bbox 697 3467 750 3531; x_wconf 88' lang='lat' dir='ltr'>est</span> <span class='ocrx_word' id='word_1_169' title='bbox 770 3483 837 3552; x_wconf 94' lang='lat' dir='ltr'>quo</span> <span class='ocrx_word' id='word_1_170' title='bbox 852 3461 900 3560; x_wconf 85' lang='lat' dir='ltr'>ab</span> <span class='ocrx_word' id='word_1_171' title='bbox 926 3461 1072 3552; x_wconf 86' lang='lat' dir='ltr'>antiqua</span> <span class='ocrx_word' id='word_1_172' title='bbox 1097 3461 1282 3556; x_wconf 89' lang='lat' dir='ltr'>disciplina</span> <span class='ocrx_word' id='word_1_173' title='bbox 1306 3464 1413 3534; x_wconf 88' lang='lat' dir='ltr'>Vives</span> 
     </span>
     <span class='ocr_line' id='line_1_25' title="bbox 343 3587 540 3658; baseline 0 -2"><span class='ocrx_word' id='word_1_174' title='bbox 343 3587 540 3658; x_wconf 75' lang='lat' dir='ltr'>desciverit.</span> 
     </span>
    </p>

    <p class='ocr_par' dir='ltr' id='par_1_6' title="bbox 263 3705 1415 4178">
     <span class='ocr_line' id='line_1_26' title="bbox 391 3705 1410 3805; baseline 0.002 -25"><span class='ocrx_word' id='word_1_175' title='bbox 391 3709 529 3780; x_wconf 87' lang='lat' dir='ltr'>Etenim</span> <span class='ocrx_word' id='word_1_176' title='bbox 549 3731 675 3801; x_wconf 86' lang='lat' dir='ltr'>exque</span> <span class='ocrx_word' id='word_1_177' title='bbox 705 3739 721 3773; x_wconf 91' lang='lat'>«</span> <span class='ocrx_word' id='word_1_178' title='bbox 746 3709 944 3802; x_wconf 78' lang='lat' dir='ltr'>praecipuus</span> <span class='ocrx_word' id='word_1_179' title='bbox 977 3711 1148 3782; x_wconf 86' lang='lat' dir='ltr'>Ecclesiae</span> <span class='ocrx_word' id='word_1_180' title='bbox 1176 3712 1296 3782; x_wconf 84' lang='lat' dir='ltr'>doctor</span> <span class='ocrx_word' id='word_1_181' title='bbox 1317 3705 1410 3805; x_wconf 66' lang='lat'>(2)&#39;»</span> 
     </span>
     <span class='ocr_line' id='line_1_27' title="bbox 343 3834 1413 3930; baseline 0.002 -26"><span class='ocrx_word' id='word_1_182' title='bbox 343 3834 414 3918; x_wconf 92' lang='lat' dir='ltr'>ille,</span> <span class='ocrx_word' id='word_1_183' title='bbox 436 3835 580 3927; x_wconf 88' lang='lat' dir='ltr'>Paulus,</span> <span class='ocrx_word' id='word_1_184' title='bbox 600 3835 762 3904; x_wconf 81' lang='lat' dir='ltr'>dixerat:</span> <span class='ocrx_word' id='word_1_185' title='bbox 785 3865 801 3899; x_wconf 70' lang='grc' dir='ltr'>α.</span> <span class='ocrx_word' id='word_1_186' title='bbox 831 3835 899 3913; x_wconf 85' lang='lat' dir='ltr'>Qui</span> <span class='ocrx_word' id='word_1_187' title='bbox 921 3837 1148 3907; x_wconf 89' lang='lat' dir='ltr'>matrimonio</span> <span class='ocrx_word' id='word_1_188' title='bbox 1158 3837 1282 3930; x_wconf 77' lang='lat' dir='ltr'>jungit</span> <span class='ocrx_word' id='word_1_189' title='bbox 1304 3838 1413 3929; x_wconf 83' lang='lat' dir='ltr'>virgi-</span> 
     </span>
     <span class='ocr_line' id='line_1_28' title="bbox 263 3944 1414 4055; baseline 0.001 -23"><span class='ocrx_word' id='word_1_190' title='bbox 263 3944 270 3960; x_wconf 71' lang='grc'><strong><em>’</em></strong></span> <span class='ocrx_word' id='word_1_191' title='bbox 343 3984 421 4032; x_wconf 91' lang='lat' dir='ltr'>nem</span> <span class='ocrx_word' id='word_1_192' title='bbox 455 3983 569 4045; x_wconf 89' lang='lat' dir='ltr'>suam,</span> <span class='ocrx_word' id='word_1_193' title='bbox 600 3960 686 4031; x_wconf 90' lang='lat' dir='ltr'>bene</span> <span class='ocrx_word' id='word_1_194' title='bbox 714 3960 799 4030; x_wconf 85' lang='lat' dir='ltr'>facit</span> <span class='ocrx_word' id='word_1_195' title='bbox 818 3987 826 4051; x_wconf 82' lang='lat'>3</span> <span class='ocrx_word' id='word_1_196' title='bbox 863 3967 898 4032; x_wconf 90' lang='lat' dir='ltr'>et</span> <span class='ocrx_word' id='word_1_197' title='bbox 934 3962 991 4054; x_wconf 91' lang='lat' dir='ltr'>qni</span> <span class='ocrx_word' id='word_1_198' title='bbox 1025 3985 1094 4032; x_wconf 92' lang='lat' dir='ltr'>non</span> <span class='ocrx_word' id='word_1_199' title='bbox 1122 3964 1258 4055; x_wconf 84' lang='lat' dir='ltr'>jungit,</span> <span class='ocrx_word' id='word_1_200' title='bbox 1288 3963 1414 4053; x_wconf 82' lang='lat' dir='ltr'>melius</span> 
     </span>
     <span class='ocr_line' id='line_1_29' title="bbox 343 4073 1415 4178; baseline 0.003 -22"><span class='ocrx_word' id='word_1_201' title='bbox 343 4086 427 4158; x_wconf 84' lang='lat' dir='ltr'>lacit</span> <span class='ocrx_word' id='word_1_202' title='bbox 461 4086 513 4178; x_wconf 74' lang='lat'>(3)</span> <span class='ocrx_word' id='word_1_203' title='bbox 551 4115 583 4165; x_wconf 87' lang='lat'>»‚</span> <span class='ocrx_word' id='word_1_204' title='bbox 620 4084 775 4178; x_wconf 87' lang='lat' dir='ltr'>plerique</span> <span class='ocrx_word' id='word_1_205' title='bbox 808 4087 1000 4178; x_wconf 89' lang='lat' dir='ltr'>superioris</span> <span class='ocrx_word' id='word_1_206' title='bbox 1030 4089 1144 4158; x_wconf 78' lang='lat' dir='ltr'>aetatis</span> <span class='ocrx_word' id='word_1_207' title='bbox 1181 4073 1343 4160; x_wconf 75' lang='lat' dir='ltr'>auctores</span> <span class='ocrx_word' id='word_1_208' title='bbox 1356 4096 1415 4160; x_wconf 72' lang='lat' dir='ltr'>”ea</span> 
     </span>
    </p>

    <p class='ocr_par' dir='ltr' id='par_1_7' title="bbox 378 4287 1155 4353">
     <span class='ocr_line' id='line_1_30' title="bbox 378 4287 1155 4353; baseline 0.001 -17"><span class='ocrx_word' id='word_1_209' title='bbox 378 4287 415 4350; x_wconf 77' lang='lat'>(1)</span> <span class='ocrx_word' id='word_1_210' title='bbox 429 4288 534 4337; x_wconf 80' lang='lat' dir='ltr'>Erasm.</span> <span class='ocrx_word' id='word_1_211' title='bbox 551 4290 603 4348; x_wconf 82' lang='lat' dir='ltr'>Ep.</span> <span class='ocrx_word' id='word_1_212' title='bbox 619 4290 648 4337; x_wconf 85' lang='lat' dir='ltr'>G.</span> <span class='ocrx_word' id='word_1_213' title='bbox 663 4290 783 4350; x_wconf 76' lang='lat' dir='ltr'>Budoeo,</span> <span class='ocrx_word' id='word_1_214' title='bbox 800 4289 830 4338; x_wconf 84' lang='lat' dir='ltr'>T.</span> <span class='ocrx_word' id='word_1_215' title='bbox 846 4289 868 4338; x_wconf 91' lang='grc' dir='ltr'>Ι.</span> <span class='ocrx_word' id='word_1_216' title='bbox 884 4289 916 4338; x_wconf 89' lang='lat' dir='ltr'>L.</span> <span class='ocrx_word' id='word_1_217' title='bbox 942 4290 1030 4339; x_wconf 87' lang='lat' dir='ltr'>XVII.</span> <span class='ocrx_word' id='word_1_218' title='bbox 1048 4305 1074 4353; x_wconf 86' lang='lat' dir='ltr'>p.</span> <span class='ocrx_word' id='word_1_219' title='bbox 1101 4290 1155 4339; x_wconf 73' lang='lat'>760.</span> 
     </span>
    </p>

    <p class='ocr_par' dir='ltr' id='par_1_8' title="bbox 408 4375 1031 4440">
     <span class='ocr_line' id='line_1_31' title="bbox 408 4375 1031 4440; baseline 0 -16"><span class='ocrx_word' id='word_1_220' title='bbox 408 4377 459 4436; x_wconf 75' lang='lat' dir='ltr'>Ep.</span> <span class='ocrx_word' id='word_1_221' title='bbox 482 4377 510 4423; x_wconf 86' lang='lat' dir='ltr'>J.</span> <span class='ocrx_word' id='word_1_222' title='bbox 541 4375 676 4432; x_wconf 60' lang='lat' dir='ltr'>Fobroff.</span> <span class='ocrx_word' id='word_1_223' title='bbox 692 4376 759 4424; x_wconf 90' lang='lat' dir='ltr'>I.L.</span> <span class='ocrx_word' id='word_1_224' title='bbox 781 4375 897 4426; x_wconf 81' lang='lat' dir='ltr'>xxvn.</span> <span class='ocrx_word' id='word_1_225' title='bbox 918 4391 944 4440; x_wconf 93' lang='lat' dir='ltr'>p.</span> <span class='ocrx_word' id='word_1_226' title='bbox 962 4375 1031 4424; x_wconf 80' lang='grc'>1506.</span> 
     </span>
    </p>
   </div>
   <div class='ocr_carea' id='block_1_5' title="bbox 375 4463 1114 4615">
    <p class='ocr_par' dir='ltr' id='par_1_9' title="bbox 375 4463 1114 4615">
     <span class='ocr_line' id='line_1_32' title="bbox 376 4463 1114 4530; baseline 0.001 -17"><span class='ocrx_word' id='word_1_227' title='bbox 376 4465 410 4527; x_wconf 77' lang='lat'>(2)</span> <span class='ocrx_word' id='word_1_228' title='bbox 423 4465 530 4514; x_wconf 88' lang='lat' dir='ltr'>Erasm.</span> <span class='ocrx_word' id='word_1_229' title='bbox 550 4463 656 4514; x_wconf 83' lang='lat' dir='ltr'>Christ.</span> <span class='ocrx_word' id='word_1_230' title='bbox 673 4467 801 4514; x_wconf 71' lang='lat' dir='ltr'>alatrini.</span> <span class='ocrx_word' id='word_1_231' title='bbox 815 4467 900 4516; x_wconf 79' lang='lat' dir='ltr'>Inst..</span> <span class='ocrx_word' id='word_1_232' title='bbox 915 4466 943 4514; x_wconf 87' lang='lat' dir='ltr'>T.</span> <span class='ocrx_word' id='word_1_233' title='bbox 963 4466 994 4514; x_wconf 94' lang='lat' dir='ltr'>V.</span> <span class='ocrx_word' id='word_1_234' title='bbox 1009 4481 1037 4530; x_wconf 88' lang='lat' dir='ltr'>p.</span> <span class='ocrx_word' id='word_1_235' title='bbox 1059 4465 1114 4514; x_wconf 66' lang='lat'>513.</span> 
     </span>
     <span class='ocr_line' id='line_1_33' title="bbox 375 4553 810 4615; baseline -0.002 -13"><span class='ocrx_word' id='word_1_236' title='bbox 375 4553 411 4612; x_wconf 71' lang='lat'>(3)</span> <span class='ocrx_word' id='word_1_237' title='bbox 426 4555 472 4602; x_wconf 75' lang='lat' dir='ltr'>Ad</span> <span class='ocrx_word' id='word_1_238' title='bbox 490 4556 627 4613; x_wconf 60' lang='lat' dir='ltr'>Corinth„</span> <span class='ocrx_word' id='word_1_239' title='bbox 643 4553 733 4615; x_wconf 75' lang='lat' dir='ltr'>Epist.</span> <span class='ocrx_word' id='word_1_240' title='bbox 749 4553 810 4603; x_wconf 88' lang='lat' dir='ltr'>VII.</span> 
     </span>
    </p>
   </div>
   <div class='ocr_carea' id='block_1_6' title="bbox 0 0 1722 5404">
    <p class='ocr_par' dir='ltr' id='par_1_10' title="bbox 0 0 1722 5404">
     <span class='ocr_line' id='line_1_34' title="bbox 0 0 1722 5404; baseline 0 0"><span class='ocrx_word' id='word_1_241' title='bbox 0 0 1722 5404; x_wconf 95' lang='lat' dir='ltr'> </span> 
     </span>
    </p>
   </div>
  </div>
 </body>
</html>
