3436 5404
796 620 952 678 -42..

339 780 464 852 litteris
478 783 610 863 ornari,
629 782 885 853 honestissimis
904 782 1071 852 doctrinis
1086 781 1231 865 erudiri,
1249 780 1405 852 saluber-

341 906 507 999 rimisque
541 907 721 999 praeceptis
750 907 875 977 instrui
896 913 1025 999 posset,
1048 907 1189 976 omnino
1205 907 1405 999 praetermi-

340 1031 424 1101 serit
442 1037 547 1123 atque
562 1031 766 1122 neglexerit.
791 1032 871 1101 'libi
891 1032 984 1101 enim
1014 1032 1222 1124 persuadere
1243 1031 1401 1114 velimus

340 1179 409 1226 non
428 1156 647 1248 frequentare
671 1157 828 1249 publicas
853 1156 991 1227 scholas
1020 1155 1173 1248 puellam
1197 1179 1274 1226 eam
1300 1179 1404 1248 quam

340 1282 597 1385 informandam
614 1284 776 1377 suscepit.
796 1285 930 1377 Quippe
950 1306 1027 1376 qum
1043 1283 1207 1378 privatim
1222 1284 1401 1367 educetur,

339 1407 647 1501 doctissimumque
671 1410 790 1480 audiat
819 1409 1069 1502 poedagogum,
1097 1410 1169 1502 qui,
1197 1432 1304 1501 quum
1323 1409 1405 1480 huic

340 1533 400 1604 uni
431 1535 570 1625 negotio
598 1535 752 1605 intentus
776 1535 835 1618 ait,
864 1558 918 1604 res
939 1533 1045 1605 veluti
1066 1534 1178 1626 digito
1194 1535 1405 1604 demonstret

340 1657 612 1751 degustatasque
630 1667 794 1752 apponat.
814 1659 913 1738 Quod
925 1659 954 1728 si
969 1682 1037 1729 non
1053 1658 1115 1729 illo
1132 1667 1249 1730 utetur
1264 1658 1404 1750 magis-

339 1791 393 1854 tro
408 1806 511 1875 quem
531 1783 678 1876 requirit
688 1784 809 1868 Vinea,
833 1792 869 1854 at
884 1783 1007 1854 saltem
1027 1785 1071 1853 ab
1090 1784 1210 1876 aliqua
1224 1783 1405 1854 docebitur

340 1908 485 1981 muliere
504 1913 739 2005 praeceptrice,
758 1935 836 2004 quae
850 1934 918 1982 non
934 1920 1030 1982 casta
1049 1919 1186 1982 tantum
1206 1913 1264 1996 sit,
1284 1934 1405 1982 verum

340 2036 445 2106 etiam
459 2036 590 2121 vultus,
614 2038 794 2121 orationis,
814 2059 1017 2130 morumque
1036 2038 1212 2130 gravitate
1228 2037 1406 2107 venerabi-

341 2158 385 2229 lis
404 2183 478 2231 esse
496 2163 667 2232 videatur.
691 2162 758 2232 Sed
779 2169 966 2253 utcumque
986 2168 1089 2231 erunt
1113 2184 1181 2242 res,
1204 2161 1297 2230 domi
1314 2169 1406 2231 certe

341 2287 506 2370 manebit,
534 2289 661 2358 nedum
691 2310 844 2380 unquam
869 2310 947 2358 cum
977 2286 1171 2378 aequalibus
1194 2287 1406 2378 paribusque

341 2411 464 2502 puellis
483 2413 672 2505 aliquando
692 2425 726 2483 et
742 2414 818 2504 ipsa
834 2419 1003 2483 versetur.

388 2535 614 2606 Manifestum
630 2537 753 2607 deindo
769 2538 823 2606 sui
842 2536 1008 2627 temporis
1029 2535 1182 2626 profecto
1197 2557 1268 2626 prm
1284 2557 1319 2604 so
1340 2533 1406 2603 fert

342 2657 460 2743 Vives,
479 2661 551 2753 qui,
575 2683 682 2753 quum
708 2661 849 2753 ingenio
876 2683 938 2729 suo
959 2659 1141 2750 indulgere
1156 2681 1260 2750 quam
1277 2667 1405 2750 tempe·

343 2806 422 2854 rare
443 2785 576 2870 mallet,
604 2785 706 2878 paulo
730 2784 970 2855 obsoletiorem
996 2793 1030 2855 ct
1050 2783 1140 2854 male
1158 2783 1406 2854 recentioribus

343 2913 495 2983 moribus
515 2913 745 3004 quadrantem
766 2912 1216 3004 professussitdoctrinam.
1230 2909 1403 2991 Nimium,

342 3035 553 3118 mehercule,
582 3036 735 3129 puellam
761 3037 910 3107 detinuit
939 3037 975 3103 in
1006 3043 1162 3106 veterum
1182 3025 1402 3120 corrrmerciO,

342 3162 442 3254 cujus
466 3162 552 3232 adeo
577 3185 644 3231 non
676 3161 860 3257 utilitatem
885 3162 1089 3244 infitiamur,
1116 3168 1154 3230 ut
1177 3160 1253 3252 jam
1279 3183 1353 3230 cani
1374 3168 1407 3230 et

343 3277 533 3346 maximam
556 3286 589 3348 et
612 3279 778 3371 optimam
788 3279 999 3371 judicemus.
1019 3277 1072 3345 Sit
1087 3299 1170 3346 sane
1194 3298 1407 3368 permagnus

343 3402 477 3473 tructus
493 3402 551 3473 ille
572 3405 684 3495 quiex
701 3405 907 3495 antiquitate
922 3402 1127 3495 percipitur!
1147 3401 1311 3471 Attamen
1324 3424 1407 3471 num

343 3527 419 3598 ideo
440 3535 539 3620 putes
555 3551 663 3621 usque
682 3552 722 3599 eo
734 3529 788 3598 vel
804 3530 927 3609 otium,
945 3527 998 3598 rel
1014 3527 1172 3597 fortunas
1186 3527 1407 3619 suppeditare

344 3655 404 3723 uni
424 3654 575 3724 emultis
592 3654 728 3746 puellm,
748 3662 785 3723 ut
811 3655 853 3724 iis
879 3676 1018 3745 operam
1035 3655 1092 3723 det
1106 3653 1265 3744 legendis
1299 3653 1407 3744 operi-

344 3779 407 3848 bus
423 3801 501 3870 quae
520 3779 683 3848 laudibus
711 3777 847 3848 extollit
876 3776 1003 3846 Vives?
1026 3777 1120 3846 Tum
1148 3799 1348 3869 veroquam
1365 3799 1408 3846 ex

344 3905 411 3974 hac
425 3905 642 3975 institutione
662 3902 848 3974 utilitatem
863 3902 977 4004 capiet
998 3901 1126 3994 puella,
1146 3901 1296 3992 negotiis
1313 3902 1409 3971 sarm-

343 4031 490 4102 liaribus
522 4030 701 4122 impedita,
739 4050 848 4120 quum
876 4027 1100 4096 vernaculam
1143 4025 1304 4118 linguam
1350 4027 1408 4094 vix

343 4156 540 4248 intelligere
558 4157 711 4245 beneque
730 4152 845 4244 oloqui
864 4149 996 4242 possit?
1018 4149 1195 4219 Nimirum
1211 4150 1304 4241 leget
1319 4149 1409 4218 Vir-

343 4282 482 4376 gilium,
501 4280 718 4361 Terentium,
741 4279 862 4348 Titum
881 4277 1034 4357 Livium,
1063 4275 1248 4358 Senecam,
1268 4273 1410 4343 multos·

343 4431 409 4501 que
438 4407 539 4488 alios,
570 4429 611 4475 ea
645 4427 722 4497 qum
742 4427 821 4474 oum
850 4402 959 4472 multo
980 4401 1104 4471 sudore
1125 4401 1249 4493 patriae
1273 4399 1409 4491 linguae

341 4535 539 4608 rudimenta
553 4529 808 4601 etincunabula
823 4528 993 4600 tenuerit?
1004 4528 1079 4606 Quo
1098 4525 1217 4595 tondat
1233 4523 1408 4594 laboratio
1429 4549 1431 4554 ⁸
