3436 5404
813 575 971 637 ..30-

355 763 585 834 quaecumque
618 747 837 833 postponeret
870 761 988 833 opera,
1023 739 1211 811 dummodo
1253 741 1424 812 «divinos

353 869 536 952 codices»,
552 868 619 938 hoc
638 875 690 938 est
706 867 963 953 Psolterium,
982 867 1194 938 Procerdiu
1210 866 1420 951 Salomonis,

351 993 584 1085 Evangelio,
614 991 863 1087 Apostolorum
896 993 995 1063 Acta
1033 998 1067 1063 et
1096 993 1293 1084 Epistolos
1323 993 1423 1064 unice

350 1127 563 1214 pasceretur,
601 1120 727 1191 nedum
759 1126 852 1190 artes
883 1116 961 1189 illas
980 1141 1067 1212 quas
1094 1118 1258 1190 liberales
1274 1119 1421 1192 dicimus

351 1245 405 1317 vel
421 1245 702 1340 amplecteretur,
720 1246 789 1316 imo
804 1245 1021 1316 odoraretur.
1039 1243 1174 1338 Quippe
1194 1267 1288 1337 quse,
1316 1267 1422 1338 quum

349 1379 438 1443 esset
457 1401 474 1438 ι(
489 1372 649 1444 surdaad
660 1393 795 1464 organa
808 1400 841 1454 »,
859 1378 894 1442 et
908 1370 1088 1462 ignoraret
1102 1392 1165 1442 cur
1183 1400 1198 1434 «
1215 1370 1313 1453 tibia,
1327 1369 1418 1464 lyra,

348 1497 514 1568 cithara»
541 1498 645 1568 factae
674 1505 804 1580 essent,
840 1495 961 1568 mallet
985 1519 1069 1566 sane
1110 1493 1257 1566 «lanam
1289 1497 1415 1580 lacere,

348 1630 466 1693 tenere
480 1621 609 1705 colum,
619 1645 747 1715 ponere
762 1622 797 1691 in
809 1621 944 1713 gremio
955 1619 1147 1704 calathum,
1161 1627 1274 1692 rotare
1284 1621 1413 1706 fusum,

348 1748 498 1819 stamina
514 1747 637 1842 pollice
656 1747 829 1831 ducere»,
848 1771 957 1839 eaque
977 1771 1070 1842 saepe
1098 1771 1272 1841 rumpere,
1300 1757 1338 1820 ut
1352 1749 1416 1819 ali·

347 1873 486 1966 quando
502 1897 663 1966 rumpere
682 1873 875 1944 desisteret.
895 1873 994 1951 Quod
1006 1873 1049 1943 ad
1070 1895 1196 1967 corpus
1216 1874 1354 1958 attinet,
1375 1897 1416 1945 ea

348 1999 531 2071 severitate
561 2006 649 2083 erat,
682 2006 721 2070 ut
750 1997 874 2070 balnea
901 2021 1037 2091 semper
1067 1999 1205 2083 vitaret,
1236 2001 1415 2094 «seipsam

347 2125 549 2197 erubescere
562 2153 578 2189 n
602 2124 753 2208 deberet,
773 2146 835 2194 nec
856 2145 1011 2215 unquam
1032 2123 1151 2195 vinum
1173 2124 1317 2210 biberet,
1350 2153 1366 2190 «
1380 2126 1416 2196 in

347 2273 442 2344 quo»
462 2258 537 2321 erat
554 2280 570 2315 «
588 2249 775 2332 luxuria»,
794 2249 853 2320 sed
873 2248 1025 2320 oleribus
1040 2249 1281 2321 tantummodo
1293 2272 1416 2322 vesce-

348 2383 457 2460 retur,
474 2376 621 2471 jejuniis
642 2399 679 2447 se
693 2376 904 2460 debilitaret,
925 2383 959 2446 et
974 2375 1024 2446 sic
1035 2376 1243 2460 comederet,
1271 2382 1309 2448 ut
1327 2399 1415 2447 sem-

349 2525 409 2596 per
422 2502 571 2574 esuriret
592 2502 791 2593 viveretque
810 2500 1045 2593 «angelice»,
1065 2525 1105 2571 ac
1133 2533 1148 2566 (ι
1164 2502 1198 2573 in
1219 2525 1323 2573 carne
1343 2503 1416 2573 sine

348 2648 481 2696 carne»
510 2631 614 2696 esset.
648 2625 765 2695 Unum
799 2625 948 2718 denique
984 2626 1019 2695 in
1061 2635 1176 2697 mente
1208 2627 1415 2720 inscriptum

349 2750 512 2833 habebat,
545 2772 581 2821 se
611 2749 843 2822 christianam
870 2774 945 2822 esse
974 2752 1163 2844 virginem,
1191 2775 1227 2822 se
1252 2752 1317 2824 Dei
1340 2775 1416 2825 esse

348 2875 528 2969 templum,
546 2899 582 2947 se
598 2875 736 2948 Christo
751 2899 826 2948 esse
841 2899 1017 2970 sponsam,
1036 2901 1073 2948 se
1089 2878 1214 2948 Mariae
1234 2901 1310 2950 esse
1330 2880 1417 2950 imi-

348 3001 507 3070 tatricem
530 3007 565 3071 et
586 3001 623 3070 in
647 3001 741 3072 omui
770 3024 834 3071 sua
854 3001 928 3071 vita
947 3024 1022 3072 esse
1041 3032 1056 3065 α
1072 3003 1288 3074 sectatricem
1310 3005 1376 3096 (l).
1396 3033 1411 3066 »

399 3126 466 3196 Sed
486 3127 651 3218 quoniam
675 3118 782 3221 hujus
807 3126 1068 3219 disceptationis
1093 3128 1298 3221 magnitudo
1329 3130 1415 3201 satis

348 3249 454 3342 longe
468 3252 649 3345 processit,
663 3251 705 3321 de
720 3250 863 3344 reliquis
877 3274 956 3343 quae
970 3250 1149 3323 laudanda
1163 3276 1239 3324 esse
1255 3244 1417 3325 videntur

342 3375 518 3446 dicemus.

377 4348 411 4411 (ll
429 4345 591 4412 Hieronym.
610 4351 656 4398 'Ad
673 4351 793 4414 Laetam,
805 4355 839 4402 de
852 4352 1034 4403 institutione
1049 4354 1129 4416 filice,
1142 4356 1175 4403 Τ.
1194 4355 1213 4404 Ι,
1230 4369 1258 4418 p.
1276 4355 1318 4405 19.

610 4441 656 4489 Au
674 4441 878 4500 decredendum,
901 4446 935 4492 de
950 4445 1101 4494 Pacatuloe
1127 4446 1289 4504 infantulae
1311 4449 1412 4496 edocca-

347 4530 433 4588 tr'one,
447 4529 477 4577 T.
492 4528 511 4575 l.
525 4544 553 4592 p.
571 4531 613 4578 36.
