3436 5404
854 614 1011 675 ..62-

394 778 703 874 praetermiserant,
733 784 794 848 aut
821 779 851 848 si
882 786 1103 862 curaverant,
1125 780 1241 872 magis
1273 786 1346 851 tum
1375 804 1459 853 casu

384 899 657 997 nonnunquam,
680 925 784 996 quam
815 912 876 974 aut
902 905 1035 976 ratione
1058 903 1189 997 aliqua,
1222 912 1283 976 aut
1301 883 1459 977 observa-

393 1031 487 1102 tione
529 1029 645 1100 fiebat.
675 1031 749 1100 Nec
777 1031 906 1102 mirum
930 1054 936 1102 :
960 1032 1086 1124 quippe
1112 1031 1169 1123 qui
1197 1031 1285 1104 illud
1314 1033 1458 1103 maximi

382 1165 467 1227 'esse
487 1157 653 1226 momenti
669 1157 910 1229 tantummodo
925 1157 1139 1251 judicarent,
1167 1158 1458 1250 quemadmodum

395 1284 493 1376 pueri
512 1295 545 1353 et
574 1280 810 1353 adolescentes
836 1289 928 1354 recte
944 1305 985 1354 ac
1013 1281 1204 1353 liberaliter
1222 1284 1458 1356 erudirentur.

311 1383 313 1388 ι
385 1408 495 1486 ,Quod
515 1408 652 1500 quidem
668 1409 744 1501 jam
758 1405 883 1480 melius
903 1408 1104 1501 agnoveris,
1124 1408 1153 1478 si
1169 1409 1314 1502 paulum
1338 1417 1462 1502 praete·
1485 1479 1488 1484 ,

383 1534 452 1604 -riti
483 1534 649 1627 temporis
674 1533 825 1626 spatium
851 1533 1022 1627 respicere
1043 1532 1209 1618 volueris,
1245 1543 1279 1605 et
1304 1535 1462 1606 animad-

395 1667 527 1731 vertere
543 1660 625 1752 quid
642 1660 862 1752 unusquique
877 1660 952 1752 jam
969 1683 990 1730 a
1005 1660 1118 1730 medio
1137 1683 1213 1731 aevo
1228 1661 1393 1732 effecerit.

442 1786 518 1856 Hac
530 1786 565 1855 in
581 1793 699 1870 aetate,
711 1793 749 1856 ut
764 1791 920 1856 nostram
933 1786 1142 1856 sententiam
1158 1784 1327 1879 exemplis
1338 1787 1459 1859 confir-

395 1933 541 1995 memus
564 1911 718 2004 primum
742 1935 778 1982 se
807 1910 932 1981 extulit
947 1909 1006 1981 ille
1025 1911 1193 2003 AEgidius
1213 1911 1396 1994 Columna,
1415 1911 1457 1981 de

395 2059 462 2129 quo
482 2059 594 2129 pauca
609 2036 890 2130 supradiximus
905 2037 1005 2129 cujus
1019 2049 1093 2107 tum
1108 2067 1123 2102 «
1140 2036 1299 2109 doctrina
1313 2038 1457 2131 insuper

394 2162 442 2232 ita
462 2161 639 2248 excelluit,
672 2170 710 2233 ut
739 2186 862 2232 nomen
895 2162 1165 2233 fundamentarii
1199 2163 1359 2250 Doctoris
1388 2185 1457 2234 non

393 2288 566 2358 immerito
581 2288 626 2358 sit
645 2289 790 2381 adeptus
809 2316 841 2356 ».
865 2288 898 2358 Is
932 2317 947 2351 «
966 2308 1083 2357 rerum
1100 2287 1292 2380 exquisitor
1311 2287 1458 2379 diligen·

393 2411 549 2481 tissimus
566 2413 620 2504 (l)
639 2441 671 2495 a,
703 2435 810 2503 quum
825 2412 1012 2504 Philippus
1043 2410 1103 2480 ille
1124 2410 1275 2482 Pulcher
1298 2442 1313 2476 «
1333 2411 1460 2481 amica-

390 2535 545 2606 biliter»
572 2538 615 2606 ab
645 2537 721 2630 ipso
751 2537 905 2631 petiisset
931 2559 1017 2629 opus
1047 2534 1202 2628 aliquod,
1226 2537 1349 2628 inquo
1380 2566 1396 2601 «
1413 2536 1455 2606 de

391 2661 583 2732 eruditione
598 2663 816 2755 Principum,
840 2663 914 2732 sive
929 2661 970 2730 de
990 2661 1162 2752 regimine
1181 2661 1321 2754 Regum
1345 2690 1361 2724 u
1384 2660 1455 2730 dis·

374 2794 587 2887 putaretur,
626 2786 917 2858 «delectabiliter
949 2787 1001 2877 (2)
1028 2816 1043 2849 »
1077 2809 1204 2857 munus
1242 2785 1450 2858 confecerat.

390 2913 505 2990 Quare
521 2912 635 3004 qualis
654 2936 738 2984 cura
759 2912 955 3005 adhibenda
974 2920 1063 2982 esset
1081 2913 1198 3006 pueris
1216 2941 1232 2976 α
1248 2934 1270 2981 a
1281 2911 1452 3004 principio

390 3037 583 3108 nativitatis
603 3062 774 3132 usque...
799 3039 842 3108 ad
866 3038 1039 3109 decimum
1064 3052 1225 3129 quartum
1256 3059 1450 3108 annum...

389 3170 422 3233 et
447 3163 609 3257 deinceps
643 3160 688 3260 (3)
709 3193 740 3248 »‚
773 3163 946 3234 interdum
985 3162 1146 3247 feliciter,
1178 3163 1308 3254 saepius
1338 3159 1453 3232 autem

381 3285 514 3378 inepte,
538 3309 672 3378 semper
691 3285 816 3368 fusius
830 3284 1086 3356 enucleaverat.
1102 3285 1153 3354 De
1168 3284 1307 3377 puelliS,
1327 3285 1454 3356 mirum

388 3390 588 3492 silentium!
611 3418 685 3494 aut,
708 3411 743 3480 id
759 3411 850 3504 quod
865 3410 1047 3481 ridiculius
1060 3417 1124 3492 est,
1143 3410 1355 3481 incredibilis
1371 3409 1456 3480 deli-

374 3537 607 3606 'rati0.·Fuit
629 3537 750 3608 eodem
783 3559 885 3628 paene
917 3543 1085 3629 tempore,
1125 3535 1186 3606 'sed
1222 3535 1325 3628 paulo
1352 3542 1454 3606 aetate

370 3661 544 3762 inferior,
569 3662 695 3732 nobilis
716 3661 775 3732 ille
795 3661 999 3743 Gemonios,
1018 3683 1120 3753 quem
1131 3659 1449 3755 quumprudentia,

385 3794 461 3858 tum
514 3789 618 3858 etiam
656 3787 854 3881 eloquentia
886 3787 1091 3881 praestitisse
1133 3788 1341 3880 accepimns
1386 3786 1452 3858 Sed

386 3935 491 4004 quam
520 3936 644 4006 parum
669 3914 711 3983 de
735 3912 860 4008 puellis
886 3913 993 3983 fuerit
1021 3912 1203 3997 sollicitus
1236 3936 1279 3983 ex
1299 3936 1338 3983 eo
1359 3917 1456 4016 patet

385 4038 489 4130 quod,
511 4039 548 4108 in
568 4062 607 4109 eo
623 4039 803 4110 notissimo
817 4061 932 4132 opere,
959 4042 1060 4108 unice
1079 4039 1196 4132 pueris
1221 4037 1452 4120 consuluerit,

415 4209 450 4269 (l)
467 4209 528 4272 AEg.
548 4209 696 4262 Columnae.
712 4209 916 4271 DeReptmime
928 4209 1117 4271 Principum.

388 4300 389 4304 ’
447 4291 516 4350 AEy.
533 4291 684 4340 Columnae
702 4293 768 4355 vita,
786 4305 813 4353 p.
828 4290 852 4339 4.

415 4377 449 4440 (2)
462 4378 526 4441 AEg.
543 4379 693 4430 Columnae.
709 4381 751 4429 De
765 4379 920 4442 Rcyimime
935 4378 1118 4440 Principum,
1135 4381 1215 4430 Praet'.
1237 4395 1266 4443 p.
1284 4380 1309 4428 1.

414 4466 450 4530 (3)
463 4466 528 4530 AEg.
550 4467 706 4518 Columnae.
718 4470 759 4517 De
776 4468 929 4530 Reyimine
941 4468 1127 4530 Principum·

444 4556 524 4606 Pars.
541 4558 579 4607 II.
596 4558 629 4606 L.
650 4559 684 4606 ll.
707 4559 739 4607 C.
760 4558 821 4616 XV,
837 4557 912 4616 XVI,
932 4557 1025 4607 XVII.
1045 4575 1073 4622 p.
1090 4558 1145 4618 328,
1159 4558 1214 4617 331,
1231 4558 1290 4610 334.
