3436 5404
798 611 958 674 ...90-

338 771 462 868 flagris
477 777 541 848 sub
555 775 731 860 carnifice,
751 799 813 870 pro
828 776 970 848 lascivis
990 777 1157 870 lugubres
1176 799 1301 847 canere
1316 799 1406 846 can-

338 901 466 973 tilenas
486 901 535 998 (l)
550 931 581 971 u.
614 902 730 980 Quare
749 904 880 975 eisdem
895 903 967 974 iere
986 903 1125 987 linibus,
1143 903 1268 996 quibus
1283 903 1404 987 Vives,

341 1035 457 1121 aptam
478 1027 522 1097 ad
540 1027 674 1121 puellas
698 1028 896 1099 doctrinam
926 1029 1210 1122 circumscripsit,
1233 1051 1407 1100 amoenas-

341 1175 407 1245 que
437 1160 529 1224 artes
553 1154 759 1246 longissime
774 1177 849 1224 esse
875 1153 1082 1247 rejiciendas
1096 1154 1321 1225 existimavit.
1340 1153 1407 1225 Sed

339 1279 430 1371 quod
450 1280 532 1349 Vivi
554 1280 835 1374 objurgavimus,
860 1282 894 1350 id
920 1281 1002 1351 item
1030 1282 1178 1352 Erasmo
1199 1282 1407 1375 objurgave-

341 1407 463 1492 rimus‚
482 1408 540 1500 qui
556 1408 721 1500 ingenuis
733 1407 858 1502 puellis
873 1409 1002 1502 optime
1016 1407 1243 1492 consuluerit,
1255 1408 1406 1502 plebeias

344 1553 426 1601 vero
445 1531 586 1603 omnino
606 1532 882 1625 praetermiserit,
902 1530 969 1601 nisi
984 1531 1088 1603 fuerit
1102 1532 1188 1603 satis
1206 1531 1294 1602 illud
1316 1531 1405 1624 quod

341 1655 383 1726 de
399 1663 498 1725 tanta
514 1679 550 1725 re
565 1656 654 1726 dixit
676 1678 683 1726 :
706 1687 722 1720 «
736 1656 836 1727 Certe
850 1656 982 1727 moneri
1001 1655 1127 1727 divites
1143 1664 1299 1749 possunt,
1323 1662 1361 1726 ut
1378 1654 1406 1723 si

338 1803 425 1874 quos
442 1781 593 1851 viderint
613 1803 737 1874 pueros
761 1806 779 1852 e
802 1782 1013 1875 pauperibus
1045 1781 1197 1873 quidem,
1217 1781 1277 1851 sed
1293 1802 1407 1873 gene-

338 1929 418 1977 rosa
437 1905 552 1977 indole
568 1913 679 1989 natos,
697 1929 755 1977 eos
771 1907 843 1978 suis
858 1907 1044 2000 impendiis
1056 1916 1178 1977 curent
1193 1906 1403 1986 educandos,

340 2039 402 2102 aut
428 2032 501 2102 suis
529 2031 648 2102 liberis
677 2032 888 2125 adjungant,
909 2041 946 2103 ut
974 2033 1037 2103 sub
1066 2032 1187 2103 eodem
1207 2032 1405 2125 paedagogo

340 2157 415 2248 pari
428 2179 513 2226 cura
527 2157 767 2229 instituantur.
787 2157 902 2228 Multa
913 2157 1050 2250 quidem
1065 2164 1147 2229 sunt
1163 2156 1404 2251 eleemosyna-

339 2305 416 2354 rum
443 2305 587 2375 genera,
613 2284 739 2375 quibus
777 2284 931 2377 opulenti
956 2290 1234 2354 commoneantur
1256 2305 1404 2376 regnum

336 2408 414 2492 Dei,
437 2431 558 2479 verum
575 2409 687 2479 sciant
702 2410 769 2480 hoc
784 2432 860 2480 esse
875 2408 1091 2501 praecipuum
1113 2408 1253 2499 Deoque
1275 2408 1404 2500 gratis·

337 2537 465 2608 simum
481 2536 712 2632 eleemosynae
728 2560 841 2630 genus
858 2538 911 2630 (2)
929 2566 960 2606 ».

387 2662 568 2734 Postremo
595 2685 664 2732 non
690 2662 862 2756 virginem
887 2671 1023 2734 tantum
1048 2661 1304 2733 informandam
1328 2682 1403 2731 sus-

337 2788 440 2880 cepit,
458 2788 618 2880 quaein«
634 2789 873 2860 monasterio»
892 2812 1068 2872 mancam,
1087 2794 1149 2859 aut
1165 2787 1279 2880 potius
1299 2785 1403 2857 inuti-

336 2909 405 2980 lem
441 2909 544 3003 plane
577 2911 686 2982 vitam
718 2913 873 3005 degeret,
915 2912 975 2981 sed
1009 2917 1155 2981 matrem
1193 2908 1292 2979 illam
1325 2931 1403 3000 quae

339 3067 354 3100 α
370 3036 495 3106 marito
514 3060 575 3129 per
593 3037 711 3107 omnia
730 3067 745 3100 u
773 3037 1003 3118 satisfaceret,
1034 3035 1265 3106 «familiam»
1296 3033 1404 3104 conti-

335 3167 433 3231 neret
464 3192 478 3227 n
498 3159 534 3231 in
562 3162 676 3233 officio
697 3163 786 3254 (3)»
819 3162 1079 3255 liberorumque
1104 3183 1218 3230 mores
1240 3160 1399 3252 fingeret.

334 3283 449 3360 Quare
477 3285 691 3355 matrimonii
728 3285 936 3378 dignitatem
969 3293 1002 3354 et
1029 3284 1169 3354 laudem
1204 3305 1272 3353 non
1297 3280 1404 3354 semel

333 3407 471 3491 extulit,
497 3440 512 3473 α
527 3410 617 3501 quod
638 3411 712 3502 ipse
737 3410 907 3480 Dominus
931 3409 1035 3480 Jesus
1050 3409 1145 3478 haud
1164 3415 1334 3500 gravatus
1351 3415 1404 3478 est

336 3534 536 3626 conjugatis
561 3557 628 3604 non
653 3534 763 3606 solum
788 3536 953 3605 honorem
982 3535 1111 3604 habere
1134 3533 1255 3604 multis
1276 3533 1399 3615 modis,

336 3680 456 3728 verum
472 3658 578 3729 etiam
594 3660 734 3730 vivendi
747 3660 895 3730 sormam
909 3660 1138 3752 prescribere
1156 3687 1189 3740 υ,
1204 3668 1237 3729 et
1252 3659 1326 3752 ipse
1340 3680 1403 3751 pro

337 3806 401 3854 sua
442 3792 540 3877 parte
577 3783 695 3855 attulit
723 3785 853 3876 aliquid
883 3807 950 3877 quo
991 3785 1158 3877 conjuges
1204 3784 1404 3856 admoneret

337 3909 631 4000 quemadmodum
652 3910 687 3978 in
704 3910 771 3981 hac
786 3910 1008 3980 sanctissima
1023 3911 1199 3992 societate,
1229 3940 1243 3973 α
1265 3932 1405 4001 quama

336 4033 475 4104 Christo
514 4033 679 4104 traditam
710 4042 744 4105 et
778 4035 997 4106 honestatam
1030 4041 1257 4127 susceperunt
1289 4031 1339 4129 (4)
1369 4063 1401 4117 »,

367 4264 402 4327 (l)
420 4264 530 4314 Erasm.
547 4265 650 4314 Christ.
670 4267 798 4315 matrim.
815 4267 900 4325 lust,
916 4266 946 4316 T.
961 4266 994 4316 V.
1007 4282 1033 4331 p.
1048 4267 1105 4315 55¹8.

366 4353 401 4410 (2)
418 4353 459 4403 Id.
478 4355 561 4412 loia,
574 4354 608 4402 T.
621 4355 653 4402 V.
667 4369 692 4417 p.
708 4354 763 4404 596.

367 4443 402 4508 (3)
420 4444 463 4494 Id.
481 4445 571 4506 Epist.
586 4473 614 4482 ·-
632 4448 721 4507 Epist.
742 4449 774 4494 (ὶ.
792 4449 909 4502 Budoeo.
928 4447 960 4495 T.
978 4448 1000 4494 Ι.
1018 4446 1049 4496 L.
1066 4446 1156 4497 XVII.
1170 4462 1196 4512 p.
1210 4445 1264 4496 761.

367 4536 403 4598 (l)
420 4535 458 4584 ld.
474 4538 576 4585 Christ.
591 4537 717 4585 uictrici.
731 4539 821 4591 lust„
834 4537 862 4584 ¹1¹.
877 4537 909 4585 V.
923 4553 949 4602 p.
961 4538 1018 4586 5113.
