3436 5404
763 615 918 680 -17-

277 755 279 759 ¹
307 781 459 856 vivebat.
478 781 647 852 Constans
661 787 778 850 tamen
794 786 828 850 et
847 785 980 850 certum
995 775 1211 849 domicilium
1229 773 1374 848 Oxoniae

307 933 376 982 non
396 910 532 995 habuit,
552 909 678 1003 quippe
700 906 877 978 nonnullis
896 905 1149 977 edocumentis
1168 916 1246 1000 enm
1268 925 1374 995 appa-

307 1042 360 1107 ret
379 1037 524 1108 nuncin
548 1035 679 1121 Gallia,
709 1057 801 1104 nunc
820 1034 857 1104 in
874 1032 1053 1103 Flandriis
1072 1054 1146 1102 esse
1162 1028 1373 1123 peregrina-

281 1163 282 1166 ’
307 1170 394 1248 tum,
415 1166 625 1257 Brugasque
640 1186 708 1233 non
725 1161 832 1234 semel
853 1161 1024 1247 revisisse,
1048 1159 1107 1230 ubi
1127 1157 1256 1229 librum
1272 1155 1372 1226 illum

292 1298 340 1360 ‘et
354 1289 470 1360 verbis
485 1296 520 1359 et
531 1288 633 1359 rebus
644 1286 840 1358 illustribus
853 1285 1032 1366 refertum,
1046 1282 1090 1353 A.
1104 1283 1155 1353 M.
1169 1284 1213 1353 D.
1228 1280 1367 1364 XXVI,

304 1414 413 1484 edidit
431 1436 438 1485 :
458 1415 512 1485 Dc
522 1413 768 1486 subventione
779 1431 1015 1503 pauperum,
1034 1411 1113 1481 sice
1128 1405 1370 1479 deductionis

306 1539 607 1615 necessitutibus.
892 1619 895 1624 ,

353 1665 468 1742 Quum
484 1663 549 1733 sibi
572 1663 691 1733 omnia
707 1685 872 1756 prospere
886 1664 962 1755 jam
982 1660 1166 1732 succedere
1187 1656 1369 1752 videret,‹e

301 1812 436 1860 summo
459 1787 520 1859 illo
545 1789 689 1882 fastigio
706 1812 859 1883 praeceps
879 1789 1033 1882 dejectus
1049 1792 1113 1870 θεῖ,
1135 1790 1169 1854 θῖ
1190 1803 1268 1876 qnae
1287 1801 1369 1850 con-

301 1913 387 1984 ditio
407 1915 533 2006 quietis
558 1915 764 2006 plenissima
784 1915 858 1985 fore
878 1913 1074 1994 videbatur,
1092 1912 1129 1981 in
1149 1933 1190 1980 ea
1205 1909 1368 1979 maximae

301 2023 524 2133 tempestates
547 2049 748 2133 eruperunt.
771 2040 1007 2135 Repudiatam
1027 2039 1119 2110 enim
1148 2037 1192 2107 ab
1216 2035 1368 2107 Henrico

301 2175 423 2237 octavo
444 2165 670 2238 Catharinam
692 2191 798 2262 quum
813 2169 904 2240 tueri
919 2190 1027 2239 ausus
1043 2172 1144 2250 esset,
1162 2164 1368 2252 acerrimam

302 2292 471 2362 invidiam
500 2292 611 2385 Regis
637 2295 756 2380 subiit,
787 2318 849 2365 neo
877 2292 986 2365 ullam
1010 2291 1117 2362 aliam
1143 2291 1185 2362 ob
1212 2288 1364 2382 culpam,

304 2418 372 2488 nisi
386 2425 527 2512 propter
546 2419 656 2489 animi
671 2421 856 2491 candorem
872 2419 1097 2510 veritatisque
1110 2437 1276 2499 amorem,
1291 2413 1367 2506 rapi

302 2539 338 2608 in
352 2563 526 2611 carcerem
535 2541 656 2634 jussus
669 2549 733 2613 θεῖ.
750 2542 895 2613 Nullam
911 2564 992 2634 vero
1007 2540 1163 2634 profudit
1173 2537 1364 2632 querelam,

300 2687 363 2735 nec
396 2665 543 2758 supplex
567 2666 602 2736 in
636 2675 859 2760 conspectum
873 2667 1035 2762 judicum
1056 2666 1163 2751 venit,
1195 2665 1302 2736 etita
1330 2686 1367 2735 se

299 2791 422 2882 gessit,
455 2798 494 2862 ut
529 2814 593 2862 nec
621 2792 684 2862 irae
708 2792 894 2864 indulserit
920 2813 1086 2886 unquam,
1119 2814 1181 2863 nec
1213 2796 1367 2884 acceptae

299 2916 438 3009 injuriae
473 2917 666 2987 servaverit
696 2918 912 2988 memoriam.
945 2919 1095 3012 Ereptus
1120 2925 1238 2990 autem
1271 2923 1368 2987 tanto

299 3041 452 3132 periculo
473 3040 695 3134 libertatique
718 3045 888 3127 redditus,
911 3045 947 3114 in
963 3043 1164 3126 FlandriaS,
1187 3042 1231 3112 A.
1250 3043 1301 3112 Μ.
1320 3041 1363 3111 D.

300 3164 472 3249 XXVIII,
511 3187 670 3238 reversus
697 3174 762 3252 est,
799 3168 994 3272 litterisque
1031 3174 1207 3239 recreatus
1251 3190 1288 3238 se
1324 3166 1367 3236 ad

299 3288 448 3382 pristina
487 3291 614 3373 studia,
639 3294 829 3377 revocavit,
870 3300 904 3364 θῖ
936 3295 1068 3387 Brugis
1105 3293 1278 3364 habitavit
1307 3292 1367 3363 ubi

294 3413 383 3506 jam,
402 3413 446 3483 A.
469 3415 520 3484 Μ.
539 3417 582 3485 D.
603 3417 743 3500 XXIV,
765 3440 905 3488 uxorem
923 3420 1062 3490 nornine
1081 3417 1299 3488 Valdauram
1311 3418 1366 3507 (l)

298 3536 458 3609 duxerat.

346 3663 557 3736 Absolverat
592 3666 725 3738 interea
752 3690 840 3760 opus
860 3670 952 3760 quod
986 3671 1040 3741 Dc
1071 3673 1200 3760 officio
1229 3672 1366 3742 mariti

297 3788 510 3872 inscribitur,
533 3790 700 3884 aliudque
720 3792 776 3863 cni
801 3816 927 3865 nomen
956 3802 1009 3866 est
1029 3797 1085 3866 Dc
1109 3798 1314 3868 concordio
1331 3803 1366 3869 ct

295 3915 491 3986 discordia
523 3915 566 3987 in
595 3919 767 3990 nomano
795 3941 938 4008 peracre
975 3920 1100 3992 Carolo
1124 3921 1245 4014 quinto
1272 3923 1365 3994 dica-

295 4048 405 4112 verat.
437 4042 476 4112 In
503 4064 571 4135 quo
599 4045 870 4137 sapientissime,
905 4054 943 4117 ut
971 4050 1047 4142 ejus
1078 4056 1154 4120 erat
1176 4049 1362 4142 judicium,

295 4151 476 4257 quaerebat
509 4188 579 4258 qua
613 4167 749 4238 ratione
777 4169 869 4241 cives
895 4171 985 4241 inter
1009 4195 1045 4242 se
1079 4174 1300 4245 concordiam
1325 4197 1367 4245 ac

295 4313 415 4383 pacem
448 4299 642 4376 servarent,
670 4316 938 4388 compressaque
960 4298 1051 4368 male
1079 4298 1200 4369 civilia
1218 4299 1364 4371 dissidia

293 4415 494 4500 obruerent,
509 4417 717 4510 priusquam
738 4441 778 4490 eo
792 4409 967 4492 venissent
979 4446 1047 4508 ree,
1062 4425 1154 4496 unde
1168 4447 1228 4496 eas
1239 4433 1360 4520 postea

326 4610 605 4675 (1)Viv.1‹3pistolae.
625 4637 649 4653 Δ
661 4615 755 4678 Epist.
769 4618 943 4680 Erasmo‚T.
964 4619 1003 4670 ΙΙ.
1021 4636 1049 4686 p.
1065 4621 1121 4672 103.
