3436 5404
815 605 971 663 *92*

361 766 549 839 salutarem
570 768 624 858 (1)
647 795 662 828 n
682 765 806 836 afferre
826 738 949 851 vellet,¹
961 768 1158 861 puellarum
1170 771 1425 846 institutionem

361 895 461 987 quasi
493 894 528 964 in
560 915 666 964 cursu
704 893 811 964 etiam
849 894 981 986 attigit.
1014 895 1152 966 Etenim
1183 918 1286 990 quam
1320 930 1334 964 α
1372 923 1427 972 res

363 1022 456 1094 seria
478 1049 494 1086 υ
512 1029 614 1106 esset,
636 1044 741 1115 quam
765 1052 781 1086 α
813 1022 938 1115 ingens
961 1051 994 1108 n,
1018 1030 1051 1095 et
1070 1045 1148 1116 quae
1162 1053 1178 1089 c
1202 1025 1333 1098 Christi
1353 1028 1427 1102 uui-

360 1167 538 1238 versmque
589 1143 865 1218 Christianitatis
899 1173 915 1208 n
957 1145 1141 1218 interesset
1186 1178 1201 1212 «ι
1241 1149 1296 1242 pie
1333 1180 1349 1214 »
1393 1159 1427 1222 ct

363 1301 378 1335 c
416 1270 608 1342 christiane
641 1269 694 1359 (2)
727 1297 742 1331 »
774 1270 917 1341 educari
947 1269 1095 1364 puellas,
1129 1273 1273 1365 egregie
1300 1282 1335 1346 et
1353 1276 1427 1370 ipse

357 1395 542 1468 intellexit.
562 1395 682 1488 ltaque
697 1393 836 1466 volebat
855 1426 871 1460 «
893 1419 955 1489 per
970 1396 1044 1467 dies
1063 1395 1223 1489 singulos
1247 1426 1262 1462 n
1290 1400 1428 1472 scholas

357 1522 428 1595 illae
463 1523 601 1594 adirent
632 1553 648 1588 «
679 1522 803 1592 saltem
832 1523 875 1592 ad
905 1522 1010 1593 unius
1040 1523 1177 1595 horulae
1215 1526 1424 1620 spatium»,

357 1673 463 1744 quum
482 1680 498 1715 a
512 1650 696 1721 ductandis
711 1649 860 1734 choreis,
875 1656 935 1719 aut
960 1639 1063 1720 sertis
1078 1652 1328 1723 concinnandis
1339 1654 1391 1747 (3)
1408 1683 1423 1716 »

355 1779 459 1869 longe
492 1778 592 1870 pejus
634 1798 776 1869 operam
815 1776 898 1846 dare
940 1776 1102 1862 solerent,
1134 1779 1426 1872 iisdemquefere

359 1902 487 1986 verbis,
511 1901 636 1993 quibus
657 1900 777 1981 Vives,
806 1900 986 1978 admonuit
1015 1925 1119 1993 quam
1142 1903 1308 1974 salutaris
1335 1902 1426 1975 litte-

355 2051 473 2102 rarum
494 2029 548 2099 vis
562 2034 666 2110 esset,
687 2049 778 2120 quae,
803 2034 1035 2120 praeterquam
1056 2028 1146 2118 quod
1170 2059 1185 2091 «
1204 2029 1383 2100 damnosa
1405 2052 1422 2093 n

359 2177 428 2227 non
444 2160 571 2237 essent,
596 2184 612 2216 «
642 2153 747 2223 etiam
773 2161 937 2223 ornatum
963 2153 1170 2237 uberiorem,
1189 2155 1308 2239 decue,
1331 2154 1425 2226 utili-

359 2287 465 2351 tatem
488 2279 540 2371 (4)
564 2307 580 2340 »
597 2276 802 2349 afferebant.

408 2407 486 2484 Qua
508 2383 544 2475 in
560 2412 689 2486 menie,
708 2403 854 2497 putabat
876 2433 892 2466 «
915 2404 1064 2497 optimas
1079 2404 1219 2476 scholas
1233 2405 1275 2474 de
1290 2405 1428 2498 integro

364 2531 550 2625 erigendas
569 2552 644 2600 esse
658 2551 701 2599 ex
717 2551 818 2620 aequo
842 2553 903 2622 pro
918 2529 1084 2600 masculis
1099 2553 1230 2623 proque
1249 2529 1375 2624 puellis
1392 2560 1423 2614 n,
1509 2579 1510 2582 ,

333 2749 335 2753 Ι
359 2664 397 2729 ut
420 2685 436 2721 (ι
458 2657 501 2727 ad
522 2655 796 2727 conservandam
812 2654 1313 2748 reipublicaetranquillitatem
1331 2655 1387 2749 (5)
1406 2685 1421 2719 »

356 2784 423 2853 viri
440 2806 503 2854 nec
523 2805 592 2853 non
621 2780 785 2852 mulieres
805 2780 987 2873 peritiores
1009 2782 1209 2852 evaderent.
1233 2781 1301 2852 Sed
1314 2782 1349 2851 in
1368 2780 1423 2851 his

356 2908 510 2980 discendi
545 2905 638 2979 ludis
672 2929 741 2978 non
769 2906 844 2999 jam
882 2937 897 2970 «
929 2907 1130 2978 Donatus»
1158 2906 1224 2977 iste
1256 2906 1422 2978 memoria

354 3033 596 3118 hauriebatur,
608 3037 670 3102 aut
678 3029 898 3122 frigidissimi
914 3027 1137 3100 «Alexandri
1151 3026 1198 3123 (6)
1213 3056 1228 3090 »
1244 3026 1418 3110 versiculi,

357 3167 417 3231 aut
431 3189 446 3224 «
460 3156 640 3229 vanissimi
649 3154 1006 3249 perniciosissimique
1016 3153 1336 3224 indoctissimorum
1345 3154 1422 3224 Mo-

360 3285 553 3356 nachorum
566 3282 662 3365 libri,
678 3281 914 3367 Catholicae,
928 3280 1327 3366 Floristo,Groecr'sta,
1345 3279 1421 3350 Lo·

358 3412 574 3504 hyrinthas,
586 3409 725 3481 Dormr'
734 3429 882 3488 secure,
897 3412 1000 3496 atque
1016 3405 1050 3473 id
1065 3428 1178 3498 genus
1198 3404 1323 3475 asinini
1336 3410 1421 3474 ster-

353 3535 480 3606 corarii
500 3532 627 3605 amalo
647 3533 751 3626 genio
767 3531 897 3602 invecti
915 3557 930 3593 n
948 3555 956 3621 ;
976 3540 1014 3601 at
1033 3561 1049 3597 «
1072 3528 1295 3602 classicorum
1313 3529 1421 3622 scrip-

351 3669 465 3732 torum
477 3662 531 3750 (7)
546 3689 561 3724 »
579 3681 697 3754 opera,
715 3680 794 3751 quae
805 3657 895 3729 tanti
911 3657 1032 3748 quanti
1047 3687 1063 3722 «
1078 3656 1241 3738 sericum,
1260 3656 1415 3749 byssum,

349 3807 518 3878 purpura,
542 3784 625 3854 vina
639 3782 788 3866 exotica,
807 3780 970 3874 pulveres
985 3778 1181 3863 aromatici,
1195 3785 1229 3849 et
1248 3775 1417 3870 quidquid

380 4015 415 4076 (1)
426 4013 512 4064 Luth.
532 4014 574 4064 De
586 4012 653 4062 inst.
665 4012 776 4073 pueris,
788 4010 817 4061 Τ,
833 4011 894 4060 VII.
909 4009 1002 4074 plau.
1019 4021 1042 4058 r³

380 4101 802 4168 (atld.lciu..'l.v11.p.l39.
823 4109 865 4148 r⁰.

380 4197 416 4258 (3)
435 4196 476 4246 Id.
493 4194 700 4254 lotu.‚u'.v11.
718 4209 744 4256 p.
757 4193 815 4240 lib.
832 4201 881 4242 i

381 4285 416 4349 (4)
430 4284 471 4333 ld.
485 4285 570 4342 ibid,
584 4283 616 4332 T.
638 4283 698 4333 Vll.
712 4296 738 4345 p.
751 4281 805 4331 441-
822 4291 862 4329 vr.

378 4378 413 4440 (5)
430 4376 512 4426 Luth.
530 4377 570 4424 De
589 4376 658 4423 inst.
670 4373 784 4435 pueris,
798 4372 832 4420 T.
847 4369 908 4418 Vll.
919 4384 947 4432 p.
964 4367 1019 4418 lul.
1035 4380 1072 4418 νο.

380 4467 413 4527 (6)
431 4465 469 4514 Id.
485 4462 689 4522 loid.,T.V11.
709 4476 737 4523 p.
763 4460 819 4508 lto.
838 4470 869 4506 r0.

379 4556 410 4617 (7)
428 4555 466 4604 ld.
479 4553 567 4611 loia,
584 4551 616 4599 Τ.
634 4551 690 4599 Vll.
711 4564 738 4613 p.
753 4549 807 4597 lut
824 4559 859 4596 νο.
