3436 5404
749 602 907 658 „45-
1017 602 1020 607 ’

289 763 495 846 dixerimus,
518 769 732 854 compertum
748 768 799 831 est
822 770 855 831 et
875 771 1020 832 certum.
1044 762 1210 833 Attamen
1230 770 1356 856 praeter

290 886 361 958 alia
389 887 608 980 suspicamur
645 886 679 955 id
712 887 819 958 luisse
852 909 980 973 causae,
1012 887 1112 979 quod,
1136 887 1359 964 existimaret·

290 1020 411 1084 contra
436 1018 598 1084 naturam
623 1033 698 1083 esse
720 1010 903 1082 mulierem
930 1009 964 1080 in
993 1009 1123 1082 scholis
1142 1011 1277 1094 docere,
1296 1033 1357 1084 seu

292 1139 380 1209 nihil
404 1137 574 1209 immitius
593 1136 740 1208 muliere
756 1136 933 1208 videretur
953 1135 982 1208 si
1010 1158 1079 1228 qua
1100 1137 1154 1208 ira
1171 1137 1247 1230 ejus
1267 1158 1361 1208 com-

293 1264 437 1335 moverit
465 1264 635 1346 animum,
665 1286 725 1334 seu
760 1262 937 1358 potissime
964 1262 1163 1334 meminerit
1188 1292 1204 1327 «
1228 1285 1301 1337 non
1319 1263 1376 1368 do

292 1388 403 1460 nihilo
441 1411 529 1473 esse,
565 1388 655 1481 quod
689 1388 822 1459 Paulus
852 1387 998 1460 docendi
1037 1394 1099 1458 aut
1130 1387 1294 1481 loquendi
1326 1387 1362 1470 in

292 1513 451 1586 Ecclesia
464 1535 608 1586 munere
622 1513 776 1585 foeminis
795 1513 977 1586 interdixit
992 1511 1041 1608 (l)
1061 1541 1094 1583 u.
1112 1512 1224 1586 Nemo
1245 1519 1363 1585 autem

293 1639 337 1710 ad
357 1639 423 1708 hoc
443 1637 588 1708 vetitum
608 1645 759 1732 stupeat,
775 1662 884 1731 quum
904 1660 1024 1720 omnes
1048 1637 1217 1712 Ecclesiae
1238 1639 1364 1712 Patres
1397 1619 1400 1628 ⁵

294 1787 480 1857 omnesque
503 1763 608 1836 medii
628 1765 695 1836 aevi
726 1765 884 1836 doctores
899 1788 970 1837 una
987 1772 1158 1836 etmente
1182 1771 1217 1841 et
1231 1787 1313 1841 voco
1327 1765 1363 1838 in

294 1917 334 1965 ea
351 1916 388 1966 re
402 1893 655 1974 consenserint,
674 1892 760 1962 adeo
780 1892 866 1962 utin
883 1895 1168 1967 consuetudinem
1188 1895 1364 1990 prouerbii

204 2003 206 2008 ’
294 2021 445 2094 venisset
460 2021 638 2093 Brunonis
652 2019 739 2092 illud
764 2041 771 2091 :
798 2049 814 2084 «
832 2019 880 2091 Ut
895 2021 1007 2093 discat
1031 2024 1181 2095 concedo
1209 2023 1361 2096 mulieri.

294 2148 426 2218 Docere
454 2153 620 2219 autem...
645 2145 742 2216 nullo
769 2145 870 2216 modo
898 2147 1062 2240 permitto
1090 2147 1320 2238 mulierilQ).
1345 2179 1361 2214 »

295 2272 411 2368 Quare
426 2271 569 2344 minime
583 2271 782 2342 mirandum
798 2278 852 2342 est
870 2280 905 2341 et
924 2272 1039 2365 ipsum
1054 2273 1180 2344 Vivam
1200 2296 1272 2344 non
1285 2296 1366 2346 con-

295 2398 441 2470 cessisse
469 2404 508 2470 ut
531 2396 658 2468 mulier
685 2396 837 2479 doceret,
869 2419 925 2479 ne,
951 2420 1097 2490 quum«
1122 2397 1248 2470 falsam
1272 2399 1366 2470 dere

205 2529 207 2536 ’
296 2522 417 2615 aliqua
430 2522 628 2615 opinionem
652 2549 668 2583 »
687 2519 749 2590 illa
768 2520 835 2590 sibi
857 2522 1100 2614 persuasisset,
1113 2524 1191 2617 jam
1209 2553 1225 2588 «
1248 2529 1366 2596 aueto-

296 2647 435 2719 ritatem
463 2676 478 2711 υ
506 2646 698 2719 erudientis
731 2674 746 2710 o
774 2645 810 2716 in
844 2647 1020 2718 auditores
1048 2677 1063 2712 υ
1091 2649 1363 2733 transfunderet,

300 2801 315 2834 «
334 2777 368 2841 et
387 2768 474 2840 alios
489 2791 625 2862 quoque
644 2769 679 2842 in
700 2791 854 2840 errorem
869 2768 972 2840 facile
987 2770 1041 2859 (3)
1059 2799 1074 2834 υ
1098 2771 1289 2844 induceret.

347 2895 529 2966 Postremo
561 2894 722 2966 nonnulli
758 2895 834 2988 jam
866 2918 974 2988 quum
1007 2919 1163 2988 quaerere
1201 2898 1365 2981 solerent,

299 3027 415 3092 utrum
428 3021 543 3114 potius
562 3028 655 3092 esset
669 3042 794 3113 pueros
810 3021 853 3090 ab
866 3043 933 3091 uno
949 3029 1161 3115 praeceptore
1178 3022 1309 3108 doceri,
1323 3046 1369 3096 an

224 3186 225 3190 =
299 3147 334 3218 in
363 3148 645 3242 frequentissimo
669 3149 752 3220 ludo
780 3148 935 3232 educari,
968 3149 1197 3222 nihilominus
1230 3149 1369 3223 silentio

300 3273 469 3366 praeteriit
494 3274 603 3346 Vives
632 3280 749 3344 utrum
778 3273 888 3344 satius
922 3281 1013 3344 esset
1040 3281 1074 3346 et
1109 3275 1204 3368 ipsas
1232 3275 1369 3368 puellas

301 3397 449 3492 publicis
481 3399 518 3469 in
547 3397 689 3485 scholis,
731 3421 776 3469 an
813 3398 906 3469 domi
939 3399 1174 3492 privatimque
1213 3399 1363 3472 institui.

301 3521 465 3594 Attamen
513 3525 542 3594 is
586 3531 675 3609 erat,
725 3523 755 3594 si
798 3523 991 3616 quisquam
1030 3525 1134 3610 alius,
1180 3525 1238 3618 qui
1277 3524 1369 3599 hauc

301 3651 365 3721 sibi
390 3658 557 3743 tanquam
587 3674 651 3722 suo
678 3652 757 3744 jure
785 3652 1057 3722 controversiam
1083 3659 1249 3736 sumeret,
1286 3651 1371 3724 diri-

300 3783 422 3867 meret,
455 3775 676 3870 dijudicaret‚
707 3785 812 3868 atque
832 3776 916 3847 huic
938 3784 1000 3848 aut
1024 3757 1077 3848 illi
1102 3777 1193 3871 parti
1222 3777 1366 3862 faveret,

301 3927 361 3974 seu
390 3903 549 3974 inutilem
569 3925 645 3974 esse
666 3901 793 3996 puellis
821 3901 1043 3975 solitudinem
1054 3904 1244 3998 judicaret,
1272 3910 1369 3976 etex

300 4027 583 4119 frequentissimo
596 4027 758 4099 convictu
783 4027 934 4098 multum
958 4027 1037 4122 capi
1051 4029 1287 4115 commodum,
1308 4050 1370 4100 seu

336 4253 369 4316 (1)
386 4253 453 4304 Viv.
467 4255 508 4303 De
524 4256 598 4304 Inst.
615 4258 694 4314 foern.
712 4256 822 4314 christ,
835 4254 868 4302 Τ.
884 4257 924 4305 II.
941 4257 972 4306 L.
989 4256 1013 4305 Ι.
1030 4257 1062 4307 C.
1079 4258 1111 4307 V.
1131 4274 1159 4322 p.
1180 4258 1237 4308 uolt.

335 4343 370 4406 (2)
389 4343 540 4394 Brunonis.
561 4345 666 4405 opera,
696 4345 823 4401 Parisiis¹
849 4346 923 4396 1524.

557 4435 595 4482 [tt
617 4434 747 4493 Timotlt,
767 4434 807 4483 II.
835 4435 869 4484 G.
892 4435 929 4485 11.
956 4435 991 4482 V⁰
1009 4436 1107 4499 p.389.

336 4523 370 4584 (3)
391 4523 685 4583 Viv.1)e1nst.foem
714 4524 829 4576 christ..
849 4525 883 4574 Τ.
903 4525 940 4572 ll.
960 4523 994 4572 L.
1013 4524 1036 4573 Ι.
1055 4525 1086 4574 C.
1110 4525 1191 4588 lV.p
1222 4526 1281 4576 mu.

1217 4671 1234 4722 u
