3436 5404
733 571 735 575 '
804 596 963 658 -er-
1034 555 1036 560 ’

396 756 545 827 Cunctos
568 755 680 847 igitur
705 776 891 844 percense:
930 754 1012 827 licet
1033 779 1076 827 ex
1103 778 1224 827 eorum
1252 756 1416 850 operibus

345 881 459 975 eligas
479 904 557 974 quae
590 881 767 953 notatione
799 889 834 952 et
863 881 967 953 laude
996 905 1079 953 sane
1104 882 1213 976 digna
1243 891 1338 968 sunt,
1356 882 1416 954 sed

346 1029 389 1077 ne
404 1027 514 1077 unum
542 1005 681 1098 quidem
706 1005 797 1076 inter
816 1028 936 1076 omnes
956 1007 1109 1100 reperias
1135 1007 1194 1099 qui
1221 1005 1416 1100 puellarum

346 1131 598 1201 institutionem
628 1137 708 1200 ante
737 1130 862 1201 Vivem
886 1131 1065 1225 praecipue
1089 1131 1276 1226 curaverit.
1309 1131 1417 1202 Vives
1524 1141 1526 1146 ’

347 1236 429 1324 vero
440 1276 508 1324 non
520 1253 706 1324 modosuae
717 1255 832 1324 aetatis
842 1277 978 1326 errores
989 1254 1413 1347 depellereinertiamquc,

346 1401 557 1473 quaerisque
581 1366 792 1461 invaluerat,
828 1379 950 1472 majori
975 1379 1161 1452 verborum
1188 1380 1363 1472 gravitate
1382 1390 1416 1452 et

345 1501 522 1596 elegantia
543 1510 577 1574 et
600 1503 699 1596 copia
720 1503 901 1596 exagitare
922 1512 1155 1593 conatusest-;
1174 1507 1413 1578 verumetiam

253 1623 255 1626 ’
346 1649 481 1720 sparsa,
505 1626 559 1697 vel
586 1626 680 1697 facta
700 1649 810 1719 neque
829 1625 1016 1720 diligenter
1045 1651 1155 1722 neque
1179 1628 1313 1715 ordine,
1342 1630 1414 1702 dis-

344 1755 450 1824 tincte
470 1750 624 1845 collegit,
643 1758 810 1843 congesta
837 1752 998 1845 digessit,
1022 1754 1169 1825 confusa
1188 1763 1222 1826 et
1241 1757 1413 1848 permixta

275 1956 278 1963 ,
338 1878 533 1960 ordinavit,
567 1877 742 1968 ambiguis
779 1877 897 1948 attulit
926 1878 1058 1963 lumen,
1097 1903 1226 1951 novum
1265 1881 1413 1975 denique

345 2000 478 2094 aliquid
493 1987 715 2087 instauravit,
734 2008 767 2071 et
794 2024 894 2072 suam
909 2003 1098 2094 quamdam
1120 2005 1292 2097 expressit
1311 2007 1412 2099 quasi

343 2127 494 2197 formam
536 2126 774 2222 rationemque
810 2126 1019 2220 disciplinae.
1057 2129 1172 2206 Quare
1210 2129 1412 2204 firmissime

343 2252 551 2325 confitemur
572 2250 760 2322 nonnullos
786 2274 829 2322 ex
849 2253 892 2320 iis
921 2274 1007 2344 quos
1026 2253 1179 2325 diximus
1198 2264 1232 2326 et
1252 2256 1409 2350 ingenie,

343 2386 376 2448 et
395 2399 527 2469 magna
559 2375 731 2446 scribendi
756 2376 870 2460 laude,
903 2387 937 2448 et
962 2401 1099 2448 summa
1120 2402 1236 2451 rerum
1266 2382 1411 2454 scientia

342 2501 523 2592 floruisse3
550 2499 655 2570 talem
683 2522 764 2569 vero
797 2501 984 2584 exstitisse,
1011 2501 1125 2594 qualis
1158 2503 1264 2576 fuerit
1287 2506 1407 2592 ViveS,

343 2649 502 2723 prorsum
513 2647 695 2718 negamus.

391 2757 480 2826 Haeo
503 2755 578 2826 fuse
608 2763 642 2826 et
676 2758 813 2850 copiose
855 2755 1160 2825 commemoranda
1193 2758 1406 2849 putavimus,

341 2883 469 2975 quippe
495 2881 553 2972 qui
578 2880 664 2952 illud
700 2904 742 2952 ea
773 2879 981 2973 scriptorum
1014 2881 1274 2952 enumeratione
1307 2905 1409 2955 asse-

342 3029 503 3100 quamur,
526 3013 563 3076 ut
592 3005 772 3099 intelligas
792 3005 943 3098 primum
967 3005 1050 3096 quid
1076 3005 1218 3076 tandem
1246 3007 1410 3080 habuerit

342 3123 428 3194 illud
444 3146 530 3216 opus
546 3123 636 3215 quod
661 3145 790 3193 novum
812 3130 914 3203 esset,
941 3121 1066 3190 deiude
1086 3121 1212 3212 quibus
1231 3123 1273 3194 de
1293 3126 1409 3198 causis

341 3250 448 3320 Vives
464 3273 532 3320 non
548 3250 649 3319 modo
669 3250 760 3320 inter
776 3271 857 3320 suos
874 3249 1042 3340 aequales,
1062 3271 1181 3319 verum
1197 3250 1302 3320 etiarn
1317 3253 1409 3323 inter

341 3395 459 3443 omnes
478 3380 650 3443 anteactae
672 3373 787 3443 aetatis
813 3379 974 3442 auctores
993 3370 1099 3464 longe
1117 3373 1315 3444 eminuerit.
1340 3376 1407 3447 Sed

341 3499 407 3568 hoc
433 3521 500 3568 non
521 3499 637 3569 minus
657 3498 773 3568 adhuc
797 3505 966 3590 praestare
987 3495 1137 3578 videtur,
1167 3499 1272 3590 quod,
1300 3522 1408 3592 quum

342 3624 452 3695 multa
476 3624 559 3705 huic
584 3624 809 3706 institutioni,
833 3631 871 3694 ut
899 3646 1005 3716 supra
1030 3624 1253 3710 dictumest,
1281 3626 1406 3712 desint,

339 3758 455 3820 tamen
486 3749 629 3842 egregie
662 3747 859 3819 enucleavit
905 3748 995 3840 quod
1043 3770 1156 3839 genus
1202 3749 1408 3823 instituendi

339 3872 535 3966 puellarum
556 3873 740 3944 infantiam
762 3882 796 3944 et
820 3873 1088 3944 adolescentiam
1113 3875 1281 3967 optimum
1301 3885 1404 3964 esset,

339 4023 552 4094 pravamque
567 4007 601 4070 et
620 4004 820 4092 corruptam
833 3999 1119 4070 consuetudinem
1133 4000 1242 4093 proba
1252 4024 1408 4095 sanaque

342 4123 475 4192 ratione
506 4122 716 4193 emendavit.
762 4122 861 4200 Quod
903 4121 1044 4213 quidem
1075 4123 1151 4216 jam
1188 4125 1409 4198 manifestius
1504 4182 1505 4186 ,

340 4247 419 4330 erit,
443 4247 472 4318 si
493 4248 643 4341 primum
659 4246 924 4340 exposuerimus
946 4246 1061 4339 qualis
1081 4257 1157 4320 tum
1172 4239 1277 4322 fuerit
1296 4231 1409 4345 prima

342 4371 537 4466 puellarum
552 4373 725 4458 educati0,
739 4373 782 4443 de
797 4395 866 4466 qua
877 4371 1023 4444 difficile
1036 4383 1089 4446 est
1106 4375 1185 4469 plus
1196 4375 1407 4472 intelligere,
1502 4422 1504 4426 ·

341 4520 446 4590 quam
466 4506 634 4590 quantum
663 4497 889 4591 exoperibus
917 4497 1139 4592 scriptorum,
1162 4501 1222 4594 qui
1246 4503 1303 4575 his
1326 4510 1410 4574 tern-

342 4625 483 4726 poribus
505 4625 681 4709 vixerunt,
701 4622 874 4720 suspicari
889 4622 982 4696 licet.
