3436 5404
790 687 818 699 ..
851 653 949 715 ρο,-

334 811 428 884 enim
461 813 535 885 lere
563 812 744 886 liberalem
781 816 1004 909 disciplinam
1026 815 1169 900 dixeris
1203 839 1310 910 quam
1334 841 1403 889 non

337 940 542 1044 encoluerit,
565 919 633 1010 imo
654 964 722 1011 non
738 946 772 1011 et
792 940 1031 1012 illustraverit.

361 1099 363 1102 ·
385 1065 483 1144 Quod
499 1065 543 1135 ad
564 1064 769 1158 religionem
786 1067 923 1151 attinet,
942 1067 1022 1159 quid
1041 1068 1190 1138 senserit
1206 1069 1290 1138 satis
1305 1091 1401 1161 pers-

336 1191 477 1283 picuum
492 1198 556 1260 est.
575 1191 725 1261 Omnino
740 1213 776 1262 se
795 1192 954 1263 cohibuit
975 1193 1018 1262 ab
1042 1192 1097 1262 his
1121 1192 1401 1263 contentionibus

334 1338 411 1408 quae
438 1317 475 1386 in
504 1316 602 1387 illam
640 1316 978 1388 turbulentissimam
1019 1325 1160 1388 aetatem
1194 1326 1397 1410 eruperunt.

333 1443 492 1534 Namque
511 1441 619 1534 quum
638 1442 744 1524 docti,
771 1442 807 1512 in
830 1442 886 1513 his
907 1443 1069 1513 maximis
1083 1444 1287 1537 opinionum
1315 1466 1401 1536 pro—

332 1567 428 1638 cellis
452 1567 768 1661 asperitatibusque
789 1590 919 1650 rerum,
943 1590 1048 1661 super
1061 1568 1232 1660 religione
1248 1567 1406 1661 suspecti¹

331 1692 535 1786 plerumque
554 1692 780 1777 haberentur,
799 1715 861 1762 nec
875 1693 964 1788 satis
978 1693 1045 1764 tuti
1056 1694 1147 1763 inter
1158 1693 1399 1786 imperitorum

331 1839 476 1909 gregem
498 1817 551 1909 (l)
579 1825 705 1899 essent,
725 1825 845 1888 noster
865 1817 1051 1888 incolumis
1074 1840 1172 1910 paene
1192 1817 1395 1909 permansit.

331 1941 550 2011 Catholicam
570 1963 654 2012 sane
674 1940 879 2035 religionem
901 1942 1057 2026 retinuit,
1081 1943 1138 2012 sed
1166 1941 1263 2012 illam
1293 1965 1396 2035 quam

331 2065 526 2148 liberalem,
568 2065 711 2148 elatam,
746 2087 950 2158 generosam
993 2067 1157 2151 dicimus
1184 2090 1246 2137 neo
1280 2073 1396 2137 tamen

328 2213 482 2284 unquam
505 2189 729 2260 reformatam
750 2199 884 2283 partem
905 2187 1086 2282 amplexus
1106 2195 1158 2259 est
1175 2211 1182 2261 :
1197 2189 1323 2282 quippe
1336 2191 1396 2283 qui

330 2294 532 2386 abhorreret
554 2316 596 2385 ab
617 2317 661 2386 iis
676 2314 890 2398 hominibus,
913 2315 973 2406 qui
993 2344 1008 2378 «
1038 2320 1138 2384 extra
1159 2315 1266 2385 vetita
1281 2325 1392 2408 septa,

327 2446 361 2511 et
388 2440 527 2510 firmata
565 2440 692 2532 partim
726 2439 855 2510 divinis
892 2439 1041 2531 legibus
1088 2439 1216 2531 partim
1253 2439 1397 2531 antiquo

327 2565 495 2636 Ecclesiae
525 2588 694 2636 consensu
725 2589 765 2634 ac
791 2565 862 2634 ritu
881 2564 934 2656 (2)
951 2565 1128 2657 progressi
1148 2572 1259 2634 erant.
1279 2566 1396 2643 Quare

326 2714 390 2761 neo
407 2699 528 2761 auctor
553 2699 657 2762 sectae
678 2691 744 2762 luit
764 2711 933 2782 unquam,
952 2713 1015 2760 nec
1030 2713 1167 2774 suasor,
1189 2713 1252 2761 nee
1268 2691 1396 2783 impul-¹

325 2838 404 2903 sor;
422 2816 482 2886 sed
498 2815 617 2886 inillis
637 2817 722 2886 viris
742 2815 1028 2886 arrnumerandns
1042 2823 1107 2898 est,
1126 2817 1199 2907 qui,
1217 2816 1393 2886 turbidis-

323 2941 422 3012 simis
457 2941 491 3009 in
534 2941 748 3034 temporibus
792 2940 878 3025 nati,
916 2939 1005 3010 nihil
1039 2940 1130 3011 inter
1156 2940 1388 3033 pugnantium

323 3068 493 3139 clamores
534 3076 568 3139 et
600 3067 683 3151 tela,
721 3067 788 3138 nisi
826 3067 960 3138 animos
993 3065 1156 3138 efferatos
1187 3066 1325 3161 placare
1357 3074 1392 3138 et

324 3193 550 3264 reconciliare
569 3192 685 3264 conati
706 3202 800 3264 sunt.

371 3320 443 3389 lmo
470 3319 661 3412 asperrime
691 3317 733 3389 de
754 3318 909 3390 Luthero
929 3319 1005 3410 ipso
1028 3317 1167 3388 locutus
1190 3326 1254 3402 est,
1287 3341 1390 3410 quem

326 3445 558 3513 maximarum
600 3442 841 3513 calamitatum
880 3452 1056 3514 auctorem
1096 3443 1205 3513 fuisse
1238 3443 1385 3514 dicebat.

325 3569 532 3662 Opinionem
552 3591 636 3640 sane
652 3567 895 3639 immodicam!
915 3567 983 3638 Sed
1000 3569 1077 3660 quis
1093 3569 1204 3638 nescit
1218 3574 1388 3660 quantum

322 3695 365 3764 ad
386 3701 539 3765 veterem
554 3693 774 3788 disciplinam
787 3693 1009 3765 evertendam
1028 3691 1178 3763 valuerit
1198 3693 1270 3777 ille,
1293 3723 1308 3757 α
1327 3695 1387 3786 qui

321 3807 472 3912 primum
493 3848 509 3882 u
528 3842 634 3890 ausus
650 3827 702 3890 est
733 3818 936 3911 «quaedam
965 3820 1001 3888 in
1029 3817 1174 3889 dubium
1205 3840 1381 3903 revocare,

320 3948 419 4018 initio
434 3948 568 4018 modice
584 3971 625 4017 ac
648 3947 855 4028 verecunde,
873 3968 953 4015 mox
970 3954 1102 4038 aperte,
1126 3967 1194 4014 non
1214 3945 1326 4016 solum
1347 3953 1384 4015 ut

320 4077 525 4169 disputaret,
558 4075 616 4145 sed
645 4082 684 4145 nt
716 4082 875 4168 negaret,
898 4075 1099 4166 abrogaret,
1130 4072 1279 4155 tolleret,
1306 4095 1383 4166 per·

319 4201 430 4272 multa
438 4207 538 4271 tanta
548 4199 770 4282 confidentia,
780 4221 886 4291 quarn
898 4199 928 4269 si
940 4197 983 4268 de
998 4196 1086 4268 coelo
1095 4205 1129 4268 et
1144 4198 1283 4268 arcanis
1294 4195 1382 4266 divi-

318 4326 439 4398 nitatis
462 4332 553 4396 esset
575 4323 754 4417 delapsus,
773 4331 835 4394 aut
853 4323 896 4394 de
919 4321 1037 4394 calceo
1057 4321 1113 4394 vel
1125 4320 1232 4416 pallio
1251 4321 1383 4394 suendo

345 4523 377 4587 (l)
395 4523 504 4573 Erasm.
523 4523 616 4584 Epist,
634 4523 735 4573 Herm.
753 4525 772 4571 d
789 4521 962 4584 Novoquila,
980 4519 1010 4569 T.
1024 4520 1049 4569 Ι.
1072 4520 1105 4569 L.
1128 4519 1190 4568 XX.
1207 4533 1233 4582 p.
1248 4518 1316 4568 10³1.

345 4613 379 4678 (2)
398 4613 463 4663 Viv.
477 4612 518 4660 De
529 4611 658 4672 Europae
673 4616 759 4670 statu,
772 4609 806 4657 Τ.
823 4607 863 4657 11.
879 4620 905 4672 p.
921 4605 977 4656 337,
