3436 5404
339 811 513 904 Hispania
540 838 555 872 »
587 808 760 879 florebant
795 836 810 871 n
845 803 1076 888 Auuotsus,
1119 803 1410 894 Sploudiuuus,

339 935 616 1019 Frorrsauuus,
655 933 858 1016 Tiruutus,
900 927 1112 1000 Tristuuus
1145 947 1192 1014 »3
1215 934 1292 997 turn
1331 957 1347 994 «
1378 929 1413 998 in

338 1057 459 1134 Gallia
493 1089 509 1124 »
542 1059 709 1152 vigebant
748 1056 980 1128 Laueilotus
1012 1078 1037 1126 o
1076 1057 1187 1140 locu,
1218 1056 1340 1128 Puris
1378 1061 1413 1126 et

348 1189 511 1274 Vicuuo,
531 1187 681 1258 Poutus
705 1189 741 1256 et
761 1184 949 1275 Sydouio,
968 1182 1113 1254 Petrus
1146 1181 1410 1254 Prooiuciulis

340 1319 376 1385 et
405 1313 655 1402 Mupuclouu
685 1309 895 1393 Mutuscae,
925 1307 1068 1378 domina
1095 1306 1348 1379 inexorabilis:
1377 1307 1412 1376 in

342 1469 361 1504 τι(
381 1436 562 1530 Belgica»
586 1446 703 1506 autem
735 1435 944 1517 «Florius,
970 1433 1092 1505 Albus
1108 1437 1193 1524 flos,
1211 1433 1411 1517 Leouellu,

345 1564 458 1636 Cuuo
492 1583 640 1647 morus,
675 1559 819 1631 Curios
866 1563 899 1630 et
931 1558 1103 1646 Floretu,
1136 1557 1338 1660 Pyramus
1380 1561 1415 1628 et

351 1688 485 1761 Thisbe
500 1690 512 1773 (
519 1686 553 1779 l)
573 1714 589 1750 n
608 1686 643 1754 in
659 1684 816 1755 maxima
830 1683 949 1776 gratia
968 1704 1130 1776 peraeque
1144 1690 1257 1753 erant.

364 1847 367 1852 Α
393 1814 467 1884 Nec
476 1812 621 1885 deerant
636 1810 736 1881 multi
752 1808 814 1880 alii
830 1839 846 1873 n
865 1809 901 1878 in
922 1808 1128 1880 vernaculas
1148 1808 1291 1901 linguas
1307 1813 1417 1878 trans-

345 1936 413 2006 fusi
436 1964 452 2000 »
475 1934 570 2017 libri,
592 1934 658 2004 hoc
686 1940 738 2003 est
766 1961 782 1998 «
805 1932 1057 2003 infacetissima
1080 1932 1252 2005 Fucctioe
1269 1932 1413 2024 Poggii‚

345 2062 552 2152 Euryalus
566 2066 601 2130 et
615 2058 812 2142 Lucretio,
827 2063 982 2130 oculum
992 2054 1152 2130 Fubulu
1162 2057 1319 2129 Boccatii
1329 2056 1382 2150 (2)
1399 2085 1414 2120 υ

344 2185 470 2279 quibus
485 2206 603 2255 omnes
619 2191 758 2276 propter
769 2183 1009 2254 incredibilem
1024 2183 1189 2276 qamdarn
1202 2183 1419 2276 voluptatem

341 2311 590 2404 pascebantur,
617 2308 895 2393 delectabantur,
913 2308 1196 2401 perfruebantur.
1218 2309 1334 2386 Quare
1350 2327 1419 2377 non

348 2435 434 2506 satis
463 2433 583 2504 mirari
612 2440 760 2525 poterat,
787 2433 893 2526 quod,
920 2455 1029 2526 quum
1056 2463 1072 2499 «
1100 2439 1229 2526 praeter
1259 2419 1419 2525 quaedam

345 2543 454 2630 verba
473 2581 517 2630 ex
536 2558 762 2651 penitissimis
783 2558 922 2628 scriniis
937 2558 1085 2629 Veneris
1102 2559 1307 2652 deprompta
1322 2558 1375 2651 (3)
1400 2585 1415 2619 υ

348 2685 439 2756 nihil
464 2683 635 2754 haberent
654 2683 722 2753 ista
736 2705 857 2777 opera,
876 2707 945 2776 quo
968 2683 1125 2776 legentes
1149 2683 1417 2765 oblectarentur,

337 2807 508 2881 nonnulli
523 2807 609 2878 adeO
626 2807 766 2880 hebetes
781 2814 898 2880 essent
912 2816 1041 2901 patreS,
1060 2809 1119 2903 qui
1138 2809 1368 2880 concederent
1384 2816 1422 2878 ut

348 2935 414 3005 has
442 2931 591 3024 ineptias
615 2931 740 3025 puellae
760 2931 930 3026 legerent,
953 2956 1016 3004 nec
1037 2956 1106 3004 non
1136 2957 1173 3005 se
1198 2933 1421 3005 ostenderent

357 3059 400 3129 de
415 3058 482 3127 hac
499 3080 536 3127 re
556 3055 645 3127 nihil
661 3056 832 3128 laborare.
1358 3045 1360 3050 ¹

400 3181 494 3254 Sciet
511 3189 627 3252 autern
651 3180 782 3274 puella,
806 3206 885 3276 quae
905 3184 941 3252 in
961 3183 1018 3254 his
1033 3182 1192 3276 legendis
1213 3183 1424 3254 delectatio-

350 3331 429 3380 nem
451 3307 557 3402 capit‚
577 3331 614 3378 se
634 3308 724 3378 nihil
740 3308 836 3380 aliud
858 3310 926 3380 nisi
947 3331 1083 3381 merum
1101 3332 1274 3381 venenum
1289 3311 1421 3394 bibere,

349 3438 437 3509 etin
459 3445 607 3508 mentem
633 3437 810 3507 revocabit
832 3438 891 3531 qui
911 3445 945 3508 et
960 3437 1081 3531 quales
1102 3437 1124 3507 ii
1152 3437 1284 3509 fuerint
1299 3436 1358 3530 qui
1380 3461 1422 3508 ea

352 3585 458 3657 opera
486 3561 756 3654 composuerint.
789 3562 869 3633 Jam
899 3562 1082 3656 plerosque
1107 3562 1215 3634 luisse
1238 3593 1254 3629 ι(
1277 3563 1421 3650 otiosos,

354 3689 445 3762 male
458 3687 616 3769 feriatos
634 3686 730 3759 vitiis
741 3686 971 3780 acspurcitiae
990 3687 1123 3758 deditos
1135 3685 1183 3784 (4)
1200 3715 1216 3750 u
1236 3686 1425 3779 meritoque

355 3815 448 3887 ultra
480 3815 708 3886 Sauromatas
743 3813 975 3907 deportandos
1018 3814 1124 3906 probe
1163 3817 1343 3904 agnoscet.
1386 3813 1425 3881 ln

356 3941 481 4035 quibus
495 3963 539 4011 ne
561 3939 768 4011 eruditionis
787 3939 927 4032 quidem
953 3939 1088 4021 umbra,
1113 3938 1172 4009 sed
1194 3937 1309 4008 inanis
1331 3961 1426 4030 quae·
1515 4025 1519 4047 ,

358 4067 486 4139 damet
506 4090 657 4160 praesens
686 4065 873 4159 voluptatis
895 4064 1052 4137 titillatio
1068 4059 1257 4158 reperitur,
1275 4088 1338 4135 nec
1359 4087 1426 4135 non

390 4293 423 4351 (l)
443 4292 505 4340 Vir.
522 4294 564 4341 Dc
579 4293 648 4340 lust.
663 4295 742 4352 saeuo.
756 4293 865 4350 christ,
877 4291 907 4339 T.
922 4291 953 4340 ll.
968 4291 999 4340 L.
1012 4291 1030 4339 l.
1051 4292 1080 4341 εἶ,
1096 4292 1127 4339 V,
1147 4307 1172 4356 p.
1188 4290 1308 4340 usuum.

392 4381 429 4445 (2)
447 4381 488 4430 Id.
502 4381 584 4440 loia,
597 4396 623 4444 p.
639 4380 694 4430 658.

393 4470 428 4533 (3)
445 4469 486 4518 Id.
500 4471 584 4528 Ictu,
599 4483 628 4531 p.
643 4468 698 4518 658.

394 4559 427 4622 (4)
444 4558 483 4608 ld.
501 4557 584 4622 Isiu,
597 4573 623 4622 p.
639 4558 697 4608 658.
