3436 5404
772 593 931 650 ,ῃ-

314 754 550 846 sophistarum
564 752 642 823 odio
663 751 960 836 inflammabatur,
975 753 1017 821 ab
1029 752 1096 822 ista
1116 753 1385 825 Cimmeriorum

314 880 434 953 schola
453 880 667 965 discessisse,
690 881 726 950 in
743 903 819 973 qua,
832 881 935 966 nihil,
954 880 1023 952 nisi
1038 881 1126 954 illud
1142 895 1269 954 esset«
1289 882 1385 953 ama

315 1007 454 1077 rissimo
478 1006 699 1104 condimento
723 1006 916 1088 conditum,
944 1004 1090 1076 horrida
1118 1014 1222 1099 atque
1251 1008 1388 1080 inculta

275 1165 276 1168 ¹
315 1131 477 1202 barbarie
505 1129 765 1214 concinnatum,
793 1131 869 1202 istis
889 1129 1147 1224 sophismatum
1161 1132 1387 1225 ineptissimis

314 1253 493 1325 differtum
507 1253 604 1325 tricis
621 1253 674 1346 (l)
694 1282 726 1337 »,
748 1251 838 1324 disci
853 1276 952 1347 posse
972 1255 1129 1348 putabat.
1154 1256 1387 1333 Quamobrem

315 1381 352 1450 in
379 1378 567 1450 Flandrias
596 1377 772 1472 profectus
801 1385 864 1462 est,
894 1379 951 1449 ubi
977 1379 1162 1450 meliorum
1190 1378 1387 1451 litterarum

317 1491 1387 1597 studiavigebant,Brugasqueprimumadiit,A.M.D.XII‚

320 1631 403 1723 quia
419 1629 582 1723 sperabat
606 1629 672 1700 sibi
696 1629 874 1723 paratiora
887 1628 1005 1700 omnia
1019 1629 1064 1699 ad
1078 1629 1282 1703 discendum
1300 1630 1387 1715 iore,

318 1763 352 1827 el
371 1755 407 1826 in
434 1755 502 1826 hac
520 1755 607 1826 bene
625 1761 760 1826 morata
780 1755 936 1826 constitit
955 1754 1109 1841 civitate
1137 1757 1239 1851 cujus
1266 1787 1281 1823 «
1301 1757 1392 1828 ratio

318 1880 704 1965 administrationis...,
722 1881 896 1965 educatIo,
915 1904 956 1952 ac
975 1880 1128 1953 civilitas
1150 1882 1335 1978 populi...,
1358 1892 1392 1955 et

325 2006 539 2078 incredibiIIs
566 2006 602 2077 in
630 2029 671 2078 eo
700 2007 797 2100 quies
826 2030 867 2078 ac
887 2006 1029 2101 justitia
1058 2031 1119 2101 per
1147 2015 1270 2100 gentes
1300 2007 1353 2102 (2)
1373 2037 1389 2071 »

324 2131 605 2204 celebrabantur.

371 2257 545 2337 Quamdiu
567 2259 708 2351 Bruges
730 2257 928 2343 incoluerit,
949 2259 1044 2331 haud
1066 2258 1169 2331 facile
1185 2259 1390 2332 dixerimus.

322 2384 413 2455 Illud
440 2383 543 2454 modo
574 2389 712 2454 constat
735 2406 815 2455 eum
840 2384 1015 2458 Lutetiam
1041 2408 1117 2457 esse
1138 2407 1333 2468 reversum,
1357 2392 1396 2456 ut

324 2510 469 2582 Christi
483 2510 577 2582 Jesa
601 2509 853 2602 Triumphus,
875 2508 921 2581 A.
945 2511 996 2580 Μ.
1020 2512 1063 2582 D.
1087 2511 1189 2595 XIV,
1212 2511 1392 2600 ederetur3

321 2633 460 2705 Lutetia
484 2641 600 2705 autem
620 2633 869 2718 discedentem,
893 2657 1016 2706 rursus
1041 2635 1183 2729 petiisse
1203 2634 1392 2706 Flandrias

322 2767 356 2832 et
370 2760 406 2830 in
419 2758 507 2831 illud
530 2761 714 2830 Musarum
741 2789 757 2824 α
771 2759 961 2854 hospitium
975 2787 1008 2845 a,
1032 2760 1243 2846 Lovanium,
1258 2782 1396 2832 conces·
1429 2791 1431 2797 ·

322 2888 422 2958 sisse.
440 2887 492 2958 De
511 2887 668 2958 Lovanio
688 2909 757 2957 non
784 2887 909 2957 inutile
932 2894 985 2957 est
999 2886 1047 2956 ibi
1068 2887 1191 2980 paucis
1206 2910 1394 2981 exponere,

322 3012 402 3082 inde
422 3012 649 3083 manifestum
665 3011 725 3082 fiet
739 3034 818 3104 quae
833 3011 935 3083 Vivis
950 3011 1057 3084 fuerit
1078 3013 1244 3084 conditio.

372 3137 474 3208 Tunc
498 3136 600 3209 multi
629 3137 839 3231 optimarum
863 3135 992 3208 artium
1016 3137 1143 3209 studiis
1173 3137 1301 3208 eruditi
1330 3138 1397 3208 viri

323 3285 430 3355 quum
451 3262 694 3349 Academiam,
720 3272 795 3335 tum
815 3286 897 3335 vero
915 3263 1162 3335 Buslidianum
1183 3263 1395 3358 Collegium,

326 3417 341 3451 «
366 3389 474 3461 totius
489 3390 662 3461 Caesareae
682 3389 826 3460 ditionis
846 3397 1090 3462 ornamentum
1119 3389 1173 3480 (3)
1192 3419 1208 3454 »
1232 3389 1398 3462 illustra-

324 3517 419 3585 bant.
443 3516 532 3587 Erat
544 3515 698 3587 lacobus
719 3515 925 3600 Ceratinus,
940 3515 994 3585 vir
1022 3517 1130 3610 probe
1149 3515 1284 3587 doctus
1310 3516 1396 3586 Erat

320 3640 544 3711 Hermannus
581 3639 861 3734 Wuestphalus,
891 3641 927 3711 in
961 3641 1175 3713 instituenda
1208 3642 1395 3734 juventute

323 3764 628 3858 prudentissimus.
672 3767 761 3836 Erat
804 3764 983 3837 Adrianus
1022 3765 1226 3849 Suesonius,
1269 3771 1396 3858 praeter

326 3889 542 3983 singularem
563 3891 747 3982 utriusque
769 3888 904 3983 linguae
924 3891 1121 3976 scientiam,
1139 3891 1295 3962 moribus
1310 3890 1397 3961 mire
1501 3941 1503 3944 -

325 4015 495 4085 candidis.
533 4015 621 4086 Erat
647 4014 830 4108 Rutgerus
851 4015 1000 4088 Rescius
1025 4018 1085 4109 qui
1111 4039 1180 4088 non
1211 4016 1396 4108 vulgarem

322 4140 516 4211 doctrinam
532 4163 672 4212 summa
691 4140 861 4211 modestia
886 4141 1084 4213 decorabat.
1108 4143 1196 4213 Erat
1216 4139 1397 4212 Adrianus

352 4344 383 4405 (l)
401 4343 464 4395 Vir.
478 4345 516 4393 [a
527 4343 820 4404 PseudodIalecticos,
839 4343 869 4392 T.
886 4343 908 4392 1.
924 4359 948 4407 p.
961 4343 1021 4394 280.

353 4432 388 4496 (2)
405 4431 444 4482 Id.
460 4433 551 4494 Epist.
564 4446 643 4482 cons.
658 4438 685 4482 et
696 4439 788 4482 senat.
801 4435 901 4501 Bpup„
920 4433 953 4482 T.
972 4433 1009 4482 ΙΙ.
1025 4448 1051 4499 p.
1066 4431 1122 4481 839.

354 4519 390 4582 (3)
407 4519 513 4568 Erasm.
530 4520 624 4580 Epist.
640 4521 670 4569 J.
688 4521 841 4582 Suoqueto,
853 4519 884 4570 L.
901 4518 999 4568 XXIII.
1013 4519 1042 4568 T.
1054 4519 1076 4568 I.
1097 4535 1123 4586 p.
1140 4518 1210 4568 1261.
