3436 5404
758 587 916 650 ...29ψ

349 759 465 839 Quam
490 751 711 828 commendat
731 753 841 826 Vives
859 753 1141 847 grammaticam,
1162 777 1203 825 ea
1216 752 1370 848 quotidie

300 881 609 956 exercitationibus
634 879 773 964 alenda,
796 886 830 950 et
848 886 1018 972 tanquam
1043 879 1281 950 confirmanda
1302 885 1366 951 est.

302 1011 423 1102 ltaque
444 1029 513 1078 non
542 1006 618 1076 sine
642 1004 779 1098 ingenti
798 1004 916 1076 fructu
935 1012 969 1076 et
985 1003 1221 1076 emolumento
1244 1005 1281 1075 in
1294 1004 1371 1075 lati-

302 1147 386 1204 num
419 1128 660 1202 oratiunculas
689 1128 805 1222 puella
829 1136 951 1213 vertet,
983 1128 1084 1199 initio
1116 1150 1201 1200 sane
1234 1127 1367 1212 faciles

302 1259 473 1355 paulatim
494 1281 575 1330 vero
603 1256 829 1342 difficiliores
852 1257 978 1349 partim
1009 1279 1137 1350 graves
1156 1263 1192 1328 et
1214 1265 1368 1341 sanctas

302 1385 432 1482 partim
456 1385 601 1458 festivas
629 1392 664 1456 et
692 1384 857 1467 urbanae,
895 1383 1020 1476 quibus
1054 1383 1139 1455 recti
1167 1383 1373 1477 honestique

302 1511 398 1606 leges
427 1519 508 1584 ante
536 1508 670 1594 oculos,
702 1508 803 1602 quasi
823 1508 942 1580 lumen
965 1508 1120 1602 aliquod,
1148 1516 1270 1604 sponte
1298 1507 1373 1581 elu-

303 1643 418 1709 ceant.

351 1761 515 1834 Fabellas
534 1762 640 1833 etiam
663 1760 792 1833 scribet
807 1782 956 1853 quarum
976 1759 1141 1854 capitalia
1161 1761 1374 1832 lineamenta

238 1936 241 1942 ι
304 1895 385 1960 ante
404 1887 575 1958 ducentur
594 1892 697 1977 atque
716 1883 924 1976 trahentur3
948 1883 999 1955 sic
1017 1884 1216 1971 distributo,
1241 1892 1280 1956 ut
1295 1884 1373 1956 fieri

294 2012 402 2099 solet,
421 2012 457 2083 in
473 2002 643 2105 quasdam
664 2017 780 2103 partes
795 2022 1017 2102 argumento,
1041 2010 1131 2082 nihil
1154 2016 1238 2104 aget
1260 2009 1370 2094 aliud,

304 2137 373 2210 nisi
389 2137 592 2208 utdiversas
607 2135 699 2206 intor
713 2135 929 2207 sacrationis
942 2144 1058 2228 partes
1072 2136 1241 2208 concinne
1253 2135 1374 2205 devin-

303 2263 374 2334 ciat
387 2270 493 2356 atque
506 2261 700 2354 conjungat
715 2267 866 2353 aptaque
881 2261 1131 2353 compositione
1142 2259 1371 2345 commendet,

198 2442 205 2460 .
304 2409 359 2473 ac,
378 2387 509 2458 omissa
524 2385 735 2457 inventionis
750 2407 849 2470 cura,
873 2407 910 2456 se
927 2393 1037 2456 totam
1055 2385 1092 2456 iu
1108 2384 1264 2457 limando
1284 2384 1375 2480 stylo

305 2510 466 2584 collocet.

353 2636 489 2708 Dehinc
505 2633 595 2707 nihil
616 2634 780 2721 obstabit,
799 2659 907 2728 quum
936 2643 1040 2708 aetate
1067 2637 1217 2708 creverit
1244 2642 1279 2707 et
1300 2636 1376 2730 jam

306 2769 422 2834 mente
437 2761 571 2833 tirmior
591 2761 753 2845 evaserit,
772 2762 856 2854 quin
873 2763 1055 2854 graviores
1070 2768 1230 2834 auctores
1245 2762 1377 2854 degus-

307 2894 369 2972 tet,
382 2894 416 2960 et
430 2910 538 2981 quum
549 2886 678 2960 multos
693 2886 795 2972 ahoe,
813 2893 888 2958 tum
905 2910 987 2960 vero
998 2888 1182 2960 historicos
1200 2888 1375 2972 odoretur,

311 3013 403 3107 apud
427 3035 514 3107 quos
540 3014 624 3107 quid
647 3021 753 3098 recte,
777 3013 905 3106 quidve
940 3037 1124 3107 perperam
1153 3015 1285 3087 factum
1317 3015 1376 3099 sit,

309 3143 476 3230 tanquam
500 3137 536 3206 in
566 3136 709 3231 speculo
741 3145 897 3232 apparet.
927 3129 1043 3216 Quare
1067 3137 1195 3212 latinos
1214 3139 1381 3212 delibabit

310 3261 510 3355 scriptores
534 3263 711 3336 Caesarem
731 3263 876 3350 scilicet,
890 3264 1085 3349 lustinum,
1102 3263 1261 3350 Florum,
1279 3265 1383 3337 Vale·

291 3384 641 3472 rium-Maximum,
686 3387 1204 3484 Ammianum-Marcellinum3
1245 3412 1381 3484 graecos

312 3518 442 3596 antem,
470 3511 755 3606 Xenophontem,
782 3537 823 3584 ac
844 3513 1077 3586 Plutarchum
1101 3515 1154 3608 (l)
1170 3513 1272 3587 illum
1291 3516 1384 3610 apud

313 3657 417 3729 quem
437 3634 549 3707 multa
574 3637 617 3708 de
636 3635 722 3722 Deo,
749 3637 862 3709 multa
888 3637 931 3709 de
959 3638 1157 3734 juventutis
1183 3638 1382 3733 disciplina,

314 3760 427 3832 multa
445 3761 488 3832 de
502 3762 689 3862 patientia,
711 3761 823 3834 multa
847 3763 889 3835 de
898 3764 1052 3858 justitia,
1074 3764 1187 3836 multa
1200 3765 1243 3836 de
1254 3771 1386 3859 tempe-

318 3885 448 3970 rantia,
468 3885 710 3958 inveniuntur.

367 4010 433 4079 Nae
452 4008 566 4082 multa
585 4010 727 4083 etiam«
757 4013 800 4084 de
819 4015 1063 4108 componendis
1082 4013 1265 4087 affectibus
1294 4043 1310 4080 u
1333 4039 1387 4088 se·

316 4137 514 4232 dandisque
535 4139 644 4211 animi
665 4141 929 4234 tempestatibus
939 4140 1046 4234 leget,
1067 4164 1217 4236 namque
1236 4172 1252 4209 «
1283 4142 1387 4214 vehe-

317 4271 453 4336 menter
468 4264 536 4336 hac
554 4273 654 4359 parte
665 4265 898 4360 philosophiae
909 4267 1045 4360 indiget
1056 4267 1109 4361 (2)
1129 4296 1161 4353 »‚
1178 4291 1248 4362 qua
1265 4267 1389 4341 melior

349 4459 455 4521 (Μὶν.
468 4461 511 4511 Dc
523 4461 648 4512 Ratione
660 4461 752 4512 studii
765 4462 901 4524 puerilis,
916 4463 945 4512 T.
961 4460 982 4512 1.
997 4478 1023 4527 p.
1037 4463 1060 4512 7.

350 4549 385 4613 (2)
396 4549 436 4599 ld.
452 4551 493 4599 Dc
511 4549 612 4611 Officio
629 4551 737 4611 mariti,
755 4551 785 4600 T.
798 4551 831 4600 11.
843 4552 872 4601 C.
884 4553 929 4602 111.
945 4567 971 4615 p.
984 4551 1040 4602 62l.

1231 4653 1246 4710 4
