3436 5404
804 605 962 668 ..66..

397 765 488 846 Quid
517 789 608 856 nunc
636 768 679 840 de
706 768 855 853 Budaeo,
878 768 937 861 qui
958 774 1138 860 tantopere
1158 766 1286 838 meruit
1303 765 1347 836 iis
1373 765 1415 836 de

348 892 487 978 litteriS,
522 924 538 958 a
567 917 653 986 quas
683 894 789 988 prisci
818 902 892 966 tum
922 895 1107 986 ingenuas,
1144 900 1219 962 tum
1254 891 1416 962 liberales

351 1016 577 1110 appellandas
603 1041 678 1089 esse
712 1018 920 1109 duxerunt3
956 1018 1022 1088 hoc
1059 1017 1225 1088 nimirum
1263 1015 1414 1108 intelligi

350 1142 516 1229 volentes
535 1145 662 1238 dignas
677 1154 768 1217 artes
788 1146 868 1216 illas
887 1147 930 1216 iis
949 1145 1149 1216 hominibus
1165 1167 1253 1227 esse,
1276 1143 1336 1236 qui
1352 1165 1414 1213 nec

349 1271 552 1342 servitutem
581 1273 766 1355 servirent,
797 1296 860 1344 nec
895 1273 1061 1366 degeneri
1096 1286 1210 1343 mente
1247 1271 1319 1341 nati
1354 1277 1415 1340 aut

347 1396 496 1466 obnoxia
515 1397 629 1468 forent
643 1399 697 1491 (l)
722 1397 768 1468 »l
788 1398 879 1478 Quid
903 1398 946 1468 de
964 1399 1091 1481 Remo,
1111 1398 1168 1490 qui
1191 1398 1298 1467 vitam
1323 1396 1414 1465 insi-

347 1544 452 1614 gnem
480 1523 675 1614 insigniore
700 1531 811 1594 morte
837 1523 1042 1594 decoravit?
1068 1522 1159 1600 Quid
1183 1522 1225 1592 de
1248 1521 1414 1592 Bodinol

348 1647 438 1726 Quid
464 1647 506 1718 de
525 1647 713 1740 Zwinglio,
732 1648 790 1740 qui
817 1655 917 1722 tanta
939 1647 1160 1742 jucunditate
1180 1647 1348 1717 disseruit
1373 1647 1415 1717 de

348 1771 410 1842 illa
425 1795 611 1865 puerorum
633 1780 750 1858 aetate,
774 1797 844 1866 qua
867 1804 883 1839 «
897 1775 972 1867 jam
998 1795 1119 1866 sapere
1139 1795 1180 1842 ac
1195 1772 1269 1841 sine
1288 1771 1415 1842 cortice

350 1905 471 1969 natare
495 1898 666 1992 incipiunt
687 1898 762 1991 (Qtl
786 1928 801 1962 »
834 1899 926 1977 Quid
955 1899 1104 1992 denique
1133 1898 1175 1968 de
1203 1896 1415 1966 Marnixiol

350 2024 421 2094 Vix
446 2025 639 2119 excipimus
666 2024 779 2110 illum,
803 2025 911 2096 multo
935 2025 1158 2106 anteriorem,
1186 2044 1248 2092 nec
1274 2021 1415 2091 omnino

284 2165 287 2173 ’
348 2146 524 2218 indoctum
557 2147 772 2241 scriptorem,
803 2145 983 2239 cuivulgo
1013 2146 1181 2216 «Auctor
1201 2165 1412 2237 anonymus

348 2278 516 2364 patronus
531 2273 667 2365 Regius
682 2294 867 2344 causarum
883 2271 1211 2354 Ecclesiasticarum
1226 2270 1263 2338 in
1277 2269 1413 2338 Ducatu

347 2396 583 2489 Aquitaniae»
610 2421 734 2470 nomen
762 2406 825 2469 est.
845 2399 912 2478 Qui
929 2397 1083 2490 quidem,
1106 2397 1141 2465 in
1161 2394 1222 2464 illo
1246 2417 1314 2465 non
1333 2417 1413 2465 con-

347 2523 531 2594 temnendo
553 2546 637 2594 sane
657 2546 760 2616 opere
788 2523 878 2616 quod
904 2525 959 2594 De
981 2522 1273 2612 recuperatione
1298 2524 1414 2590 terra

348 2655 496 2719 sanatae
510 2649 724 2733 inscribitur,
744 2648 878 2742 puellas
893 2647 1176 2740 diligentissime,
1192 2652 1226 2715 et
1236 2645 1268 2713 id
1286 2643 1414 2714 multas
1507 2662 1509 2668 ·

349 2774 391 2845 ob
412 2797 550 2861 causas,
569 2775 801 2846 instituendas
810 2797 884 2844 esse
899 2771 1134 2844 existimabat.
1151 2770 1289 2841 Etenim
1306 2790 1414 2862 quum

351 2929 367 2964 a
386 2906 516 2970 terram
538 2907 694 2970 sanctam
706 2900 864 2993 precioso
873 2899 1060 2991 sanguine,
1071 2896 1234 2989 operibus
1244 2902 1279 2966 et
1294 2916 1414 2987 corpo·

348 3024 415 3096 reli
435 3033 597 3096 contactu
613 3026 754 3097 Domini
772 3026 882 3096 nostri
907 3025 992 3095 Jesu
1013 3023 1142 3094 Christi
1163 3021 1414 3092 sanctificatam

346 3156 380 3218 et
399 3149 609 3234 dedicatam,
632 3175 704 3244 prae
717 3150 854 3221 certeris
869 3149 1090 3219 omnibus...
1109 3169 1184 3217 csse
1199 3145 1409 3237 pacificam»

346 3283 504 3367 oportere
537 3276 728 3369 judicaret,
761 3275 899 3345 volebat
928 3272 1055 3367 puellae
1090 3271 1265 3365 quaedam,
1304 3268 1348 3338 ad
1377 3268 1410 3337 id

346 3398 437 3489 quod
451 3400 648 3490 requirebat
663 3401 902 3484 obtinendum,
919 3399 1041 3502 latina,
1058 3419 1190 3489 greeae,
1205 3394 1412 3484 arabicoque

346 3520 470 3614 lingua
484 3524 614 3606 tinctae,
633 3525 702 3595 imo
720 3555 735 3589 α
755 3526 789 3595 in
806 3524 981 3595 Medicina
990 3521 1361 3613 etOlrirugiaversatae
1376 3545 1408 3599 »‚

347 3645 383 3715 in
406 3652 534 3716 terram
565 3656 720 3718 sanctam
744 3656 778 3719 et
806 3649 841 3717 in
871 3648 959 3718 alias
986 3647 1148 3737 regiones
1173 3645 1409 3728 mitterentur,

351 3797 368 3837 «
392 3782 493 3865 prout
512 3782 634 3843 sancta
649 3795 794 3844 romana
818 3772 975 3843 Ecclesia
998 3795 1058 3865 per
1077 3772 1258 3862 deputatos
1278 3767 1320 3838 ad
1348 3768 1414 3838 hoc

349 3896 505 3966 duxisset
520 3897 751 3967 ordinandum
764 3899 831 3990 (3).
850 3927 865 3961 n

378 4093 412 4151 (1)
430 4093 463 4141 G.
482 4092 586 4141 Budaei.
600 4094 641 4142 De
652 4093 747 4142 stadio
762 4093 927 4141 litterarum
941 4098 1016 4140 rrrtr
1032 4097 1058 4139 et
1071 4091 1218 4138 connnorle
1232 4085 1413 4135 instituendo

348 4197 373 4245 p.
391 4182 413 4230 l.

376 4271 409 4331 (2)
423 4272 456 4319 D;
469 4271 504 4319 H.
521 4271 658 4334 Zwinglii.
678 4275 778 4332 Opera.
795 4271 899 4335 Tiguri,
913 4271 982 4320 1530.

378 4361 437 4412 Quo
462 4367 546 4422 pacto
583 4360 706 4420 inponat
728 4361 925 4409 adolescentes
958 4360 1111 4418 forrnanrtr'
1141 4362 1219 4412 sant,
1243 4355 1271 4403 T.
1295 4356 1316 4402 l.
1335 4353 1413 4402 Praet.

349 4465 375 4512 p.
394 4449 448 4498 278.
466 4449 500 4496 V⁰

382 4540 416 4598 (3)
428 4540 511 4588 Gesta
521 4539 574 4588 Dei
585 4553 638 4601 per
650 4541 787 4588 Francos.
802 4539 936 4588 Hanovrae
956 4537 1025 4586 1611.

383 4630 424 4676 Da
443 4630 674 4690 Recnperatione
691 4630 790 4677 Tarra>
805 4631 941 4676 Sanctae..
955 4628 986 4676 T.
1002 4627 1040 4686 ll,
1052 4641 1076 4689 p.
1095 4626 1149 4682 nlo,
1163 4623 1219 4680 333,
1234 4623 1290 4672 344.
