3436 5404
751 584 908 644 „51ffl

301 758 452 825 mentem
479 749 665 843 pertinent,
693 747 857 840 quiddam
883 747 1014 817 serium
1038 752 1072 816 et
1094 751 1298 836 angustum,
1327 769 1369 816 ne

299 874 425 946 durum
456 884 490 944 et
523 872 728 966 religiosum
755 871 941 962 dieamus3
964 870 1172 941 inurbanius
1202 879 1320 940 autem
1335 876 1368 940 et

300 999 478 1070 horridius
489 1004 653 1070 resonant
663 1021 704 1069 ea
724 1021 802 1090 quae
816 997 1039 1068 tractandum
1060 997 1105 1068 ad
1131 1019 1258 1090 corpus
1278 1019 1371 1089 speo-

301 1131 389 1199 tant.
1070 1137 1071 1140 ’

351 1252 465 1329 Quam
499 1251 600 1342 parvi
626 1249 766 1320 duxerit
794 1249 901 1320 Vives
940 1271 1078 1342 eorpus
1111 1248 1203 1340 quod
1232 1247 1372 1340 quidem

303 1372 395 1448 nunc
424 1405 440 1441 «
469 1382 648 1447 terrenum
685 1374 851 1467 quiddam
885 1397 925 1444 ac
951 1374 1093 1446 brutum
1124 1401 1156 1458 »‚
1176 1395 1268 1443 nunc
1296 1371 1372 1442 libi-

301 1501 394 1572 dinis
426 1501 666 1573 tantummodo
696 1530 712 1564 «
735 1499 1035 1583 administrum»,
1058 1521 1150 1570 nunc
1173 1528 1189 1564 «
1217 1497 1369 1590 nequisi-

303 1649 397 1696 mum
404 1626 617 1719 mancipium
631 1626 684 1718 (1)
698 1653 713 1688 »
727 1625 886 1718 putabat,
898 1624 1017 1696 multis
1028 1648 1112 1696 sane
1124 1623 1210 1695 locis
1221 1630 1369 1696 testatus

302 1757 365 1821 est.
393 1749 510 1833 Quare
525 1771 648 1843 parum
677 1771 752 1820 esse
778 1749 1012 1820 christianum
1032 1772 1131 1843 paene
1146 1748 1308 1819 censebat
1326 1747 1369 1818 de

302 1897 342 1945 eo
357 1873 506 1946 sollicite
534 1874 718 1960 disserere,
745 1874 905 1967 quamvis
933 1874 1025 1944 idem
1051 1875 1093 1944 de
1123 1873 1288 1965 eligenda
1307 1894 1370 1942 nu·.

301 2001 401 2089 trice,
419 2002 461 2072 de
479 2000 561 2072 boni
581 1999 709 2071 malive
737 1998 839 2071 lactis
864 1999 913 2084 vi,
940 2000 1050 2092 deque
1078 1999 1192 2092 prima
1220 1997 1370 2069 infantia

301 2129 404 2200 utilia
426 2136 519 2200 certe
548 2133 722 2222 praecepta
753 2127 914 2199 dedisset.
956 2127 1121 2219 Sequitur
1153 2128 1233 2198 inde
1266 2137 1305 2200 ut
1337 2128 1369 2198 ei

302 2276 481 2346 nunquam
507 2253 543 2323 in
571 2261 723 2324 mentem
748 2253 881 2324 venerit
910 2275 1082 2346 exponere
1101 2275 1180 2345 quae
1198 2253 1370 2323 firmando

301 2377 439 2471 corpori
475 2384 592 2448 essent
625 2377 831 2448 adhibendae
859 2376 1142 2460 exercitationes,
1179 2377 1306 2469 quidve
1325 2399 1369 2447 ex

301 2501 363 2574 illo
377 2502 520 2596 antiquo
540 2525 607 2574 usu
631 2502 853 2573 retinendum
877 2511 979 2586 esset,
1003 2525 1071 2595 quo
1090 2502 1215 2572 Graeca
1239 2503 1368 2573 Roma-

303 2652 416 2722 naque
439 2629 607 2721 juventus
639 2629 824 2714 currendo,
851 2629 1015 2714 ludend0‚
1043 2628 1217 2712 saltand0‚
1239 2650 1370 2720 augere

303 2756 397 2827 vires
428 2754 594 2826 solebat:
624 2755 683 2848 qui
716 2755 854 2847 quidem
873 2777 949 2826 mos
973 2778 1042 2825 non
1075 2762 1147 2826 tam
1180 2754 1366 2847 elegantis,

303 2901 408 2973 quam
428 2878 616 2950 necessarii
637 2878 744 2950 studii
760 2885 848 2949 erat.

352 3005 426 3074 lmo
457 3004 524 3075 fuit
552 3004 620 3074 ista
648 3003 833 3074 severitate
857 3002 894 3072 in
917 3003 1076 3096 judiciis,
1104 3010 1143 3074 ut
1162 3001 1314 3097 puellam
1334 3025 1369 3074 se

302 3127 477 3201 abluere«
498 3151 590 3223 aqua
603 3158 635 3213 u,
654 3151 723 3199 non
736 3135 852 3200 autem
866 3127 1004 3200 illinere
1018 3158 1034 3192 «
1052 3128 1245 3222 sapunoulo
1260 3129 1313 3220 (2)
1333 3157 1366 3213 »‚

303 3255 513 3349 permiserit,
565 3262 733 3347 tanquam
768 3254 797 3324 si
838 3253 924 3324 illud
972 3254 1215 3324 immodestum
1252 3254 1365 3324 esset!

303 3382 456 3454 Proinde
482 3404 589 3474 quum
627 3380 717 3451 nihil
744 3378 919 3452 laboraret
959 3379 1069 3465 aliud,
1101 3380 1170 3451 nisi
1199 3386 1239 3451 ut
1261 3402 1370 3473 purus

304 3513 407 3599 atque
442 3507 579 3601 integer
604 3505 730 3600 puellae
758 3505 897 3577 animus
927 3512 1029 3589 esset,
1070 3528 1177 3598 quum
1211 3505 1369 3577 omnium

302 3628 645 3715 EcclesiaePatrum,
663 3636 739 3700 tum
759 3628 919 3721 inprimis
944 3627 1102 3699 Salviani
1123 3628 1373 3722 Ambrosiique

303 3753 524 3848 disciplinam
544 3755 765 3847 sequebatur.
784 3753 944 3832 Quorum
965 3753 1054 3825 alter
1075 3753 1229 3848 puellam
1249 3777 1372 3826 cavere

298 3879 457 3972 jubebat,
481 3903 523 3950 ne
555 3910 571 3944 «
594 3902 676 3951 caro
704 3907 720 3944 »
752 3879 966 3973 conspiraret
1009 3881 1177 3952 adversus
1221 3910 1237 3945 «
1274 3879 1373 3974 spiri-

303 4011 378 4076 tum
397 4004 450 4099 (3)
483 4034 516 4090 u,
548 4028 610 4077 nec
644 4027 712 4076 non
749 4006 956 4077 hortabatur
983 4004 1071 4077 alter
1096 4014 1135 4076 ut
1166 4035 1182 4072 «
1214 4006 1372 4078 membra

335 4235 370 4300 (1)
380 4235 445 4286 Viv.
461 4237 503 4286 De
518 4238 682 4296 Instsoem.
700 4237 809 4293 christ,
822 4235 855 4284 T.
872 4235 902 4284 11.
920 4235 951 4284 L.
965 4235 999 4283 11.
1019 4235 1053 4285 G.
1075 4235 1111 4284 X.
1134 4251 1161 4300 p.
1175 4236 1230 4286 737.

336 4329 369 4391 (2)
386 4329 424 4377 Id.
437 4330 527 4387 leid„
545 4327 579 4378 T.
593 4327 629 4376 ΙΙ.
648 4327 683 4376 L.
699 4327 718 4377 Ι.
735 4327 765 4376 G.
784 4326 855 4376 Vlll.
872 4342 898 4391 p.
912 4326 966 4376 670,

337 4418 370 4482 (3)
389 4418 524 4469 Salviani.
555 4419 657 4480 Opera.
690 4417 818 4476 ParisiiS,
848 4416 917 4467 1663.
945 4444 975 4456 -
992 4418 1082 4479 Epist.
1123 4419 1251 4469 Catturoe
1269 4421 1375 4480 sorori,

308 4524 335 4573 p.
354 4507 409 4558 210.
