3436 5404
787 579 949 638 ..12-

331 744 543 828 Barlandus,
563 743 616 812 vir
637 740 733 812 nullo
748 740 828 810 fuco
848 746 882 809 et
901 747 1063 832 prompta
1081 742 1233 832 quadam
1249 765 1290 814 ac
1311 766 1401 836 pura

329 871 431 942 latini
448 869 619 940 sermonis
634 865 804 936 facilitate
818 863 885 960 (l).
912 864 1064 936 Cunctos
1080 865 1219 957 quidem
1234 868 1400 940 candidos

330 997 548 1068 ethumanos
559 999 723 1086 expertus
733 997 800 1073 est,
814 1011 895 1060 mox
906 989 1012 1060 etiam
1032 1012 1111 1061 eum
1122 992 1288 1093 cognovit
1298 1014 1401 1085 quem

330 1120 503 1192 constanti
528 1118 606 1199 fide,
621 1122 825 1210 prosecutus
853 1122 918 1197 est,
949 1114 1093 1206 egregie
1112 1112 1275 1188 subtilem
1299 1114 1400 1187 illum

331 1247 549 1340 scriptorem,
590 1244 791 1313 Erasmum.
829 1239 1000 1308 Erasmus
1040 1261 1134 1324 vero,
1167 1242 1326 1332 quamvis
1363 1243 1400 1312 in

329 1371 718 1442 intimamsummorum
731 1364 884 1434 virorum
895 1361 1396 1452 familiaritatemintravisset,

330 1519 373 1566 ne
398 1494 576 1589 prosperis
598 1492 737 1586 quidem
767 1488 893 1574 alatne,
922 1489 1011 1560 nihil
1037 1490 1079 1561 de
1099 1490 1204 1563 solita
1229 1493 1399 1564 modestia

328 1622 542 1692 detraxerat.
571 1621 656 1701 Im0‚
685 1638 792 1710 quum
817 1615 925 1686 insita
948 1614 1117 1688 facilitate
1139 1624 1243 1711 atque
1262 1618 1398 1689 libera-

329 1747 429 1818 litate
453 1747 661 1838 cuicumque
684 1741 896 1835 indulgeret,
921 1763 991 1812 non
1012 1743 1042 1811 is
1061 1749 1138 1813 erat
1155 1744 1216 1835 qui
1230 1743 1397 1837 juvenem

331 1874 503 1944 acerrimo
519 1871 634 1944 studio
649 1871 828 1940 incensum
844 1867 1041 1961 repulisset.
1271 1871 1274 1876 '
1310 1871 1313 1878 '

380 1998 461 2068 Iam
491 1994 695 2068 incredibile
727 2001 780 2066 est
812 2001 1026 2086 quantopere
1051 1993 1157 2064 Vives
1184 1995 1339 2086 quotidie
1364 2003 1398 2065 et

329 2120 483 2192 scribens
522 2126 555 2188 et
590 2117 711 2210 legens
751 2124 785 2187 et
813 2122 1068 2202 commentans,
1104 2119 1395 2203 communicante,

334 2252 508 2328 monente,
571 2244 709 2316 favente
763 2243 925 2327 Erasm0,
985 2243 1182 2336 profecerit.
1242 2246 1398 2318 Prhnum

330 2372 485 2444 studium
524 2371 659 2442 Graecae
700 2370 849 2461 linguae,
889 2392 1067 2462 nunquam
1104 2371 1341 2443 intermissum
1379 2397 1400 2442 a

329 2499 510 2592 primaque
529 2493 764 2566 adolescentia
789 2493 922 2566 cultum
946 2503 981 2566 et
1004 2518 1140 2589 semper
1159 2503 1315 2581 auctum,
1333 2499 1400 2568 hoc

331 2644 453 2694 rursus
481 2621 545 2694 sub
574 2626 790 2714 praeceptore
811 2620 1005 2690 renovavit.
1029 2620 1157 2712 Ingens
1179 2621 1303 2692 deinde
1322 2644 1400 2692 oon-

331 2747 424 2840 cepit
454 2746 573 2818 odium
597 2747 633 2815 in
659 2743 835 2838 sophistas
858 2745 1068 2836 ¹quibuscum
1102 2768 1123 2815 a
1147 2748 1275 2818 teneris
1298 2749 1400 2818 annis

332 2873 459 2944 fuerat.
487 2872 557 2942 Vix
580 2871 686 2957 enim,
718 2873 761 2940 Α.
789 2872 840 2941 Μ.
869 2872 913 2940 D.
942 2871 1077 2954 XVIII,
1095 2871 1399 2944 absolverathaud

333 2997 622 3072 contemnendum
656 2995 756 3068 illurn
786 2995 928 3080 librum,
957 2997 1012 3067 De
1050 2997 1187 3084 miliia,
1219 3001 1331 3071 sectis
1364 3005 1399 3071 et

247 3107 249 3112 ¹
332 3123 512 3194 laudidus
535 3121 804 3214 philosophico,
841 3143 948 3213 quum
985 3121 1245 3194 amarissimum
1274 3123 1397 3211 aliurn,

333 3249 382 3320 In
398 3248 785 3333 Pseudodiolectr'cos,
815 3247 1023 3339 composuit.
1055 3249 1094 3318 ln
1115 3271 1182 3341 qno
1201 3272 1262 3342 per
1280 3251 1399 3344 jocum

333 3371 534 3443 acutissime
556 3370 774 3440 Parisienses
792 3369 871 3441 illos
885 3370 1043 3442 doctores
1058 3371 1227 3443 irridebat
1240 3375 1300 3466 qui
1311 3375 1399 3444 nihil

334 3498 444 3580 aliud,
481 3496 550 3567 nisi
587 3496 745 3566 «insane
778 3503 812 3567 et
845 3494 1090 3588 loquacissime
1122 3497 1271 3570 delirare
1308 3500 1361 3592 (2)
1380 3530 1395 3563 »

334 3623 507 3694 docebant
530 3622 764 3713 juventutem.
794 3622 933 3714 Majora
966 3623 1070 3692 etiam
1090 3646 1196 3696 ausus
1216 3634 1282 3707 est,
1318 3649 1399 3696 narn

334 3750 497 3840 antiquos
516 3746 687 3818 lacessere
701 3755 735 3817 et
750 3745 912 3818 vellicare
928 3748 1068 3841 incepit,
1090 3756 1125 3819 et
1146 3772 1252 3840 quum
1272 3751 1399 3822 multos

334 3873 436 3956 aliae,
460 3881 536 3944 tum
561 3895 643 3942 vero
667 3872 891 3965 reprehendit
910 3871 1147 3958 Aristotelem,
1177 3876 1289 3947 virum
1315 3899 1399 3947 sane

336 3998 504 4089 «ingenii
540 3997 713 4082 acumine,
748 3998 896 4091 judicio,
937 3997 1155 4082 dexteritate,
1197 4001 1395 4093 prudentia,

331 4121 528 4215 diligentia,
557 4128 661 4214 atque
683 4123 798 4194 studio
822 4123 977 4195 omniurn
1004 4124 1257 4218 cujuscumque
1282 4128 1398 4196 aetatis

362 4347 395 4412 (1)
412 4349 523 4398 Erasm.
545 4349 636 4412 Epiri.
650 4351 684 4399 B.
696 4349 838 4410 Buchoni,
853 4349 885 4398 L.
903 4347 989 4398 XVII.
1008 4350 1037 4398 T.
1056 4350 1078 4398 l.
1101 4364 1131 4415 p.
1150 4350 1207 4400 756.

364 4439 399 4504 (2)
417 4440 530 4490 Viv.1n
540 4442 702 4498 Pseudod..
718 4441 747 4490 T.
765 4441 790 4491 Ι.
805 4456 830 4506 p.
843 4439 899 4494 272.
