3436 5404
790 589 947 649 ,16-

333 757 461 844 lacere,
486 788 502 822 «
526 779 631 850 quam
654 757 699 828 ad
723 756 788 827 has
808 756 922 828 redire
945 758 1077 842 sordes,
1107 766 1142 829 et
1163 759 1255 829 inter
1274 780 1400 851 pueros

333 881 469 954 versari
484 882 537 975 (l)
561 911 578 946 »
602 882 736 952 mallet.

382 1005 612 1101 Antverpiam
642 1009 765 1101 igitur,
809 1009 973 1080 curandae
1018 1007 1229 1081 valetudinis
1268 1010 1398 1102 gratia,

334 1132 476 1220 invisit;
506 1133 555 1203 ibi
584 1140 701 1204 autem
728 1156 835 1227 quum
863 1156 932 1203 non
961 1132 1231 1218 convalesceret,
1261 1136 1401 1227 Bruges

335 1258 591 1351 commigravit.
617 1259 694 1328 Hac
723 1280 805 1328 vero
833 1259 869 1328 in
904 1261 989 1330 urbe
1013 1259 1145 1330 diutius
1169 1267 1403 1331 commoratus

336 1392 388 1454 est
400 1406 505 1477 quem
520 1385 678 1479 putabat,
695 1407 801 1477 quum
817 1391 956 1479 propter
971 1385 1039 1456 loci
1055 1387 1242 1479 quamdam
1258 1387 1401 1456 amoeni-

336 1516 457 1594 tatem,
479 1519 554 1582 tum
573 1519 713 1604 propter
733 1509 921 1582 adventum
942 1511 1084 1581 Henrici
1104 1511 1231 1594 octavi,
1254 1511 1404 1582 Britan-

339 1655 462 1706 norum
490 1635 598 1728 regis,
627 1658 745 1727 quem*
763 1635 985 1726 exspectabat
1021 1636 1154 1728 sibique
1194 1636 1404 1730 jamdudum

339 1760 494 1831 amicitia
509 1760 768 1831 conciliaverat.
791 1759 921 1852 Ampla
944 1761 987 1830 ab
1003 1784 1044 1832 eo
1067 1761 1202 1854 accepit
1220 1759 1402 1842 beneficia,

339 1907 434 1969 nam,
464 1907 571 1977 quum
596 1907 728 1977 magna
752 1886 908 1956 mercede
932 1886 1123 1956 conductus
1150 1893 1252 1975 esset,
1270 1885 1306 1955 in
1326 1885 1405 1954 Bri-

256 2012 259 2018 '
338 2011 508 2095 tanmem,
527 2012 571 2082 A.
589 2013 638 2081 M.
652 2013 696 2083 D.
717 2013 855 2094 XXIII,
871 2012 1005 2082 accitus
1020 2019 1084 2094 est,
1102 2021 1140 2082 ut
1154 2011 1265 2104 Regis
1280 2010 1402 2094 filiam,

337 2137 488 2206 Mariam
525 2137 702 2208 Tudorem
745 2136 856 2221 illam,
893 2138 1059 2209 erudiret.
1102 2138 1182 2207 lam
1231 2135 1405 2228 singulari

338 2261 495 2332 omnium
528 2263 784 2356 exspectatione
830 2271 995 2358 exceptus
1034 2271 1102 2346 est,
1143 2264 1405 2358 praesertimque

336 2386 521 2458 fautricem
536 2387 660 2459 habuit
675 2388 832 2481 reginam
854 2390 965 2481 ipsam
985 2389 1228 2471 Camerinam,
1254 2419 1269 2452 «
1285 2387 1405 2457 fremi-

336 2536 416 2584 nam
443 2515 585 2607 egregie
613 2515 751 2586 doctam
786 2517 839 2608 (2)
870 2546 904 2599 n,
932 2518 989 2587 cui
1018 2518 1139 2588 ordine
1180 2517 1242 2587 illa
1275 2517 1406 2586 dicavit

259 2717 261 2724 ¹
336 2660 472 2732 opera:
506 2642 562 2710 Dc
591 2641 742 2712 ratione
766 2643 887 2734 studit
915 2644 1084 2732 puerilis
1113 2649 1147 2713 et
1177 2644 1230 2712 De
1257 2643 1406 2713 iustitu-

334 2767 437 2836 ttooe
452 2766 629 2856 foeminoe
645 2767 887 2839 christianae.

384 2893 464 2964 Non
487 2894 564 2988 jam
597 2893 632 2963 in
661 2895 828 2986 angustia
855 2917 971 2965 rerum
1000 2895 1225 2977 versabatur,
1260 2915 1407 2986 eumque
1464 2964 1466 2970 .

336 3018 420 3089 vitae
436 3041 577 3090 cursum
593 3019 734 3090 tandem
750 3019 903 3102 tenebat,
929 3027 969 3091 ut
997 3020 1031 3090 in
1048 3020 1118 3090 otio
1141 3042 1221 3090 cum
1235 3018 1406 3111 dignitate

336 3151 439 3214 esset.
476 3144 551 3215 Nec
578 3144 629 3214 ita
661 3141 781 3214 multo
811 3152 889 3237 post
922 3144 958 3215 in
992 3145 1180 3216 Oxoniensi
1217 3142 1406 3214 Academia

336 3268 468 3340 artium
502 3269 636 3362 gradus
669 3269 815 3362 adeptus
844 3277 909 3353 est,
942 3270 1157 3364 Collegiique
1178 3270 1235 3340 cui
1257 3270 1407 3361 Corpus

339 3394 484 3466 Obm'sti
512 3417 636 3466 nomen
669 3402 722 3466 est
755 3424 771 3458 a
806 3396 921 3466 socius
952 3425 968 3460 »
1001 3396 1114 3466 factus
1146 3403 1209 3466 est.
1242 3394 1406 3465 Attamen

336 3517 549 3588 abhorrebat
564 3519 607 3588 ab
623 3519 719 3603 aula,
738 3519 899 3612 quamvis
919 3520 995 3613 ejus
1010 3519 1153 3590 domum
1178 3515 1406 3589 illustrissimi

336 3642 403 3712 viri
432 3643 707 3735 frequentarent,
739 3668 856 3738 seque,
894 3651 1065 3738 quantum
1094 3651 1240 3737 poterat,
1282 3645 1325 3714 ab
1364 3665 1406 3713 ea

332 3770 547 3853 removebat,
558 3781 595 3840 ut
608 3771 733 3841 studiis
750 3771 1082 3863 indulgeretquibus
1094 3770 1236 3840 inimica
1250 3778 1404 3862 estvaga

335 3895 533 3988 principum
567 3897 650 3966 vita.
678 3897 839 3980 Oxoniae,
866 3919 1067 3989 quanquam
1109 3926 1124 3960 «
1158 3896 1285 3967 coelum
1311 3896 1403 3967 istud

335 4026 533 4103 ventosum,
555 4021 715 4105 densum,
744 4022 989 4107 humidum...,
1008 4030 1042 4093 et
1060 4022 1172 4093 victus
1192 4022 1281 4093 ratio
1312 4021 1364 4114 (3)
1386 4049 1401 4083 »

336 4169 404 4218 non
435 4147 621 4219 admodum
645 4147 841 4241 placebant,
864 4150 899 4219 in
920 4149 1073 4220 litterato
1100 4151 1170 4220 otio
1199 4149 1403 4242 plerumque

364 4347 397 4409 (1)
413 4347 475 4397 Viv.
491 4347 638 4409 Epistola.
649 4374 681 4384 -
695 4349 788 4410 Epr'rt.
803 4351 936 4405 Eruemo,
953 4349 982 4398 T.
1002 4349 1040 4398 II.
1052 4363 1078 4412 p.
1098 4348 1151 4398 loo.

257 4433 261 4443 “
364 4437 395 4498 (2)
414 4438 522 4488 Erasm.
539 4437 686 4499 Epistola.
707 4466 734 4476 -
753 4439 846 4500 Epist.
865 4440 894 4488 J.
914 4440 1061 4500 Varvaria,
1077 4439 1106 4487 T.
1123 4439 1141 4488 l.
1159 4440 1190 4488 L.
1208 4439 1280 4488 xlx.
1295 4454 1321 4502 p.
1339 4439 1396 4489 816.

362 4527 395 4590 (3)
412 4527 476 4577 Viv.
492 4528 641 4588 Epistola.
665 4556 690 4564 -
703 4529 794 4590 Epr'st.
814 4529 846 4576 G.
864 4530 893 4577 C.
912 4530 1073 4587 Nocereno,
1087 4529 1117 4577 Τ.
1135 4528 1173 4578 II.
1188 4544 1214 4592 p.
1231 4528 1285 4577 114.
