3436 5404
773 594 929 654 ..25-

316 757 478 844 sumitur,
493 756 543 828 sic
558 756 612 828 lac
627 778 815 850 acorpore,
829 756 921 850 quod
935 755 1072 850 regitur
1088 755 1237 828 honesta
1256 761 1383 838 mente,

316 881 495 965 haustum,
516 881 581 951 has
604 881 716 974 ipsius
736 882 860 953 mentis
884 881 1031 952 virtutes
1055 881 1091 950 in
1120 880 1266 952 infantis
1284 886 1386 952 natu·

316 1031 392 1082 ram
402 1030 532 1078 arcana
547 1008 756 1100 contagione
771 1007 922 1099 quadam
941 1007 1077 1078 deferre
1097 1007 1251 1079 creditur
1266 1006 1333 1099 (l).

365 1135 445 1205 Jam
454 1156 536 1206 vcro
547 1133 771 1204 neminisatis
781 1157 857 1205 esse
869 1133 1027 1204 videatur
1036 1141 1183 1204 matrem
1196 1132 1382 1226 peperisse,

317 1261 443 1354 quippe
462 1283 542 1352 quae
567 1258 748 1350 genitricis
772 1281 900 1329 munus
921 1281 989 1329 non
1011 1258 1153 1328 omnino
1181 1256 1382 1341 absolverit,

318 1387 386 1457 nisi
402 1385 505 1478 primi
521 1384 711 1478 paedagogi
727 1390 843 1476 partes
862 1383 981 1476 etipsa
1001 1384 1201 1475 susceperit.
1220 1381 1384 1454 Attamen

318 1512 353 1581 in
373 1512 439 1582 hoc
450 1510 650 1603 praestando
666 1509 780 1580 officio
790 1511 882 1580 mira
896 1516 948 1580 est
964 1508 1215 1580 nonnullarum
1235 1516 1385 1578 matrum

317 1634 547 1728 negligentia,
582 1656 662 1727 quae
704 1631 910 1726 diligentius
948 1633 1103 1704 catulum
1136 1655 1241 1726 quam
1277 1631 1386 1702 liliam

316 1782 440 1832 curare
463 1758 595 1830 solent!
629 1757 714 1830 Plus
737 1766 789 1829 est
818 1764 934 1829 autem
958 1788 973 1824 n
997 1760 1084 1830 bene
1104 1758 1253 1842 institui,
1281 1781 1385 1851 quam

315 1886 401 1956 bene
418 1884 514 1955 nasci
529 1883 581 1974 (2)
603 1912 633 1966 »,
658 1905 721 1954 nec
736 1883 920 1954 mediocris
941 1884 1025 1954 artis
1036 1891 1089 1955 est
1104 1885 1254 1978 primam
1271 1885 1386 1956 infan-

316 2010 402 2080 tiam
425 2010 570 2102 fingere,
593 2032 637 2080 ex
670 2032 738 2101 qua
759 2009 977 2102 potissimum
1009 2010 1123 2080 omnis
1154 2011 1226 2080 vita
1245 2011 1382 2103 pendet.

318 2138 439 2229 ltaque
453 2141 555 2207 extra
569 2135 845 2205 controversiam
861 2134 948 2205 illud
964 2141 1055 2207 certe
1071 2141 1229 2228 ponetur,
1253 2135 1386 2208 nullam

318 2285 394 2334 esse
433 2269 504 2332 tam
548 2267 719 2332 recentem
760 2266 900 2330 aetatem
938 2284 1017 2353 quae
1045 2261 1089 2330 ad
1131 2261 1386 2333 institutionem

320 2388 507 2480 quamdam
537 2410 607 2457 non
645 2361 773 2456 habilis
804 2385 862 2468 sit,
894 2387 976 2478 quia
1009 2385 1194 2479 peculiaris
1227 2387 1386 2457 imitandi

320 2512 470 2583 facultas
504 2512 539 2583 in
569 2513 653 2606 ipsis
682 2511 800 2605 pueris
834 2511 936 2582 inest.
979 2511 1130 2582 Proinde
1155 2512 1185 2583 si
1223 2512 1388 2605 cogitarit

320 2643 433 2708 mater
448 2660 551 2730 quam
572 2637 709 2707 lubrica
729 2642 856 2706 natura
882 2636 940 2719 sit,
973 2659 1040 2707 non
1073 2636 1164 2708 sinet
1189 2635 1299 2708 ullam
1319 2635 1387 2706 aevi

318 2770 451 2852 partem
483 2759 653 2830 incultam
681 2759 791 2841 abire,
818 2759 854 2828 in
876 2783 946 2852 qua
965 2760 1083 2852 parari
1104 2759 1213 2853 possit
1231 2757 1386 2851 aliquid,

318 2885 410 2978 quod
421 2909 496 2956 suae
508 2883 591 2955 filiae
602 2907 768 2977 magnam
780 2885 965 2956 utilitatem
979 2884 1116 2967 afferat,
1126 2908 1189 2955 nec
1200 2860 1390 2955 committet

318 3019 356 3081 ut
375 3010 489 3103 prima
502 3017 588 3080 aetas
608 3010 683 3080 sine
695 3011 787 3080 bona
802 3010 904 3102 fruge
924 3009 1067 3100 effluat3
1085 3010 1145 3080 sed
1165 3010 1281 3080 verius
1300 3010 1390 3079 exis-

318 3135 454 3206 timabit
469 3134 624 3227 puellam
639 3157 715 3205 esse
730 3135 893 3205 novalem
913 3135 1114 3227 quamdam,
1133 3158 1265 3227 suaque
1286 3133 1392 3228 culpa

318 3259 525 3330 deteriorem
553 3259 628 3330 fieri
658 3282 770 3352 posse,
804 3267 838 3330 et
862 3261 905 3330 ob
933 3282 1011 3329 eam
1044 3260 1157 3353 ipsam
1185 3281 1329 3330 causam
1359 3260 1391 3330 ei

318 3385 563 3457 instillandum
584 3409 661 3457 esse
690 3385 837 3478 aliquid,
868 3393 906 3457 ut
932 3409 995 3456 nec
1020 3396 1167 3457 vexetur
1197 3393 1299 3473 aetas,
1329 3408 1391 3456 nec

320 3511 526 3582 eruditionis
542 3511 678 3582 fructus
697 3511 800 3581 abeat
815 3511 883 3603 (3).

370 3636 475 3706 Vetat
489 3636 595 3707 etiam
611 3635 729 3718 ViveS,
757 3635 790 3704 id
823 3636 915 3728 quod
941 3638 1017 3730 jam
1041 3647 1075 3708 et
1090 3636 1174 3708 olim
1203 3637 1305 3707 Plato
1319 3659 1392 3708 nu-

320 3761 424 3833 trices
441 3761 683 3847 admonuerat,
698 3760 826 3855 puellaa
843 3763 981 3832 narrari
992 3762 1114 3833 inanes
1124 3761 1203 3833 illas
1213 3761 1393 3854 anilcsque

319 3887 472 3972 fabulas,
495 3911 643 3981 quarum
659 3889 791 3982 ineptia
806 3889 892 3960 adeo
910 3888 1132 3983 perfunditur
1152 3897 1256 3982 atque
1275 3888 1395 3959 debili-

319 4021 415 4086 tatur
439 3985 590 4098 animus‚
609 4021 648 4086 ut
667 4015 743 4107 jam
764 4015 845 4086 inde
860 4015 950 4087 nihil
965 4015 1062 4098 serii,
1090 4014 1145 4086 vel
1166 4015 1202 4084 in
1219 4036 1391 4097 sermone,

321 4138 376 4210 vel
395 4139 432 4210 in
446 4137 615 4223 consiliis,
643 4139 697 4210 vel
718 4140 754 4211 in
770 4141 856 4224 vita,
887 4139 941 4210 vel
962 4140 998 4208 in
1022 4163 1086 4212 usu
1114 4140 1278 4221 fortunae,
1302 4138 1394 4209 ferre

354 4345 389 4407 (1)
407 4344 470 4393 Vir.
490 4345 618 4394 DeInst.
639 4347 720 4404 foem.
741 4345 855 4402 christ..
869 4343 901 4394 T.
921 4343 960 4393 ΙΙῚ
980 4343 1012 4392 L.
1033 4340 1054 4392 l.
1074 4343 1106 4393 G.
1122 4342 1146 4392 Ι.
1168 4358 1194 4406 p.
1213 4343 1267 4391 (lit).

355 4433 391 4492 (2)
408 4433 516 4484 Erasm.
534 4433 693 4496 colloquia.
714 4459 745 4470 -
761 4433 854 4492 Praei,
870 4440 897 4483 ct
909 4434 1028 4495 puellae,
1045 4433 1077 4482 T.
1097 4433 1122 4483 Ι.
1143 4447 1169 4495 p.
1187 4433 1243 4482 585.

349 4515 390 4585 ’(3)
402 4524 465 4573 Viv.
479 4525 521 4573 Dc
534 4525 609 4572 lost.
631 4527 711 4584 soem.
728 4524 838 4582 christ,
856 4523 888 4572 T.
905 4522 943 4572 ΙΙ.
960 4521 994 4572 L.
1013 4522 1044 4572 C.
1064 4522 1103 4573 ΙΙ.
1123 4537 1148 4586 p.
1159 4523 1213 4572 651.
