3436 5404
809 620 967 680 ..18-

352 780 406 852 vel
426 781 579 874 optimus
596 781 742 875 quisque
754 804 821 852 non
834 789 962 876 posset,
981 781 1118 853 etiamsi
1138 760 1419 864 maximevellet,

355 907 520 979 eximere.
542 908 623 977 Non
653 907 824 978 minorem
844 907 1032 978 adhibebat
1054 905 1274 1000 prudentiam
1293 905 1329 975 in
1354 904 1423 975 alio

355 1033 485 1126 scripto
496 1033 552 1102 cui
568 1035 625 1103 Dc
635 1033 908 1125 pacificatione
919 1054 1044 1102 nomen
1060 1038 1125 1116 est,
1143 1037 1178 1114 et
1191 1053 1298 1123 quum
1314 1029 1424 1100 multa

357 1158 428 1230 alia
452 1159 630 1244 audacter,
652 1167 727 1231 tum
747 1181 828 1230 vero
848 1157 934 1230 illud
959 1159 1130 1252 imprimis
1155 1158 1292 1229 dicebat
1320 1133 1425 1250 atque

355 1284 580 1380 praedicabat,
611 1286 785 1356 neminem
811 1285 1041 1380 christianum
1061 1308 1141 1356 vere
1168 1285 1286 1355 vocari
1306 1306 1421 1377 posse,

355 1412 422 1482 nisi
455 1410 651 1481 concordiae
678 1409 844 1495 studeret,
878 1432 988 1502 neque
1021 1409 1155 1503 gladio,
1185 1431 1296 1502 neque
1326 1409 1421 1501 igne,

354 1537 414 1608 sed
457 1536 603 1608 caritate
636 1542 740 1628 atque
773 1535 1014 1606 benevolentia
1042 1559 1119 1608 esse
1147 1535 1313 1607 tuendam
1337 1532 1425 1605 reli-

355 1660 511 1754 gionem.

405 1783 562 1855 Confecit
576 1785 697 1869 etiam,
719 1783 764 1858 A.
786 1787 837 1856 M.
861 1789 904 1858 D.
923 1787 1065 1870 XXXI,
1092 1785 1179 1856 illud
1206 1783 1365 1854 immensi
1385 1806 1426 1853 ac

356 1931 462 2003 prope
487 1907 614 1980 infiniti
631 1907 762 1980 laboris
782 1934 882 2004 opuS,
905 1914 962 1983 Dc
987 1911 1182 2002 corruptis
1204 1910 1365 1980 artibus.
1385 1909 1424 1978 In

357 2056 424 2125 qno
439 2056 508 2104 non
523 2035 709 2128 explicate,
723 2060 794 2107 non
805 2037 1037 2120 abundanter,
1052 2043 1120 2107 non
1136 2035 1332 2107 illuminate
1347 2041 1425 2105 tan-

355 2164 430 2229 tum
445 2158 608 2251 patefecit
623 2160 751 2252 quibus
766 2161 808 2232 de
823 2161 939 2232 causis
954 2161 1200 2255 grammatica,
1225 2158 1421 2241 dialectica,

356 2280 543 2368 rhetorica,
567 2281 858 2377 philosophiaque
868 2284 1062 2355 foedissima
1076 2285 1236 2355 barbarie
1256 2282 1424 2376 perculsae

349 2405 539 2499 jacuerint3
557 2408 616 2477 sed
634 2408 739 2478 etiam
755 2432 919 2480 revocare
930 2410 1026 2482 velut
1037 2410 1079 2480 ab
1094 2408 1219 2480 Inferis
1232 2430 1423 2501 aggressus

355 2537 407 2602 est
438 2530 503 2602 has
532 2533 626 2627 ipsas
665 2558 752 2629 quas
781 2536 930 2614 dicimus
966 2545 1072 2619 artae,
1097 2558 1176 2628 quae
1203 2533 1423 2606 densissimis

355 2657 505 2730 inscitiae
526 2661 677 2732 tenebris
691 2661 965 2732 obducebantur.
984 2661 1065 2731 Jam
1083 2661 1120 2731 in
1136 2661 1202 2732 hoc
1216 2638 1422 2754 perficiendo

276 2883 278 2890 Ι
356 2805 499 2856 munere
524 2807 635 2879 usque
654 2809 695 2857 eo
715 2784 868 2879 diligens
888 2793 922 2857 et
940 2786 1134 2857 industrius
1154 2785 1233 2869 fuit,
1252 2793 1289 2856 nt
1305 2807 1424 2857 omnes

357 2931 463 3003 quum
510 2933 660 3003 graecos,
699 2919 773 2981 tum
810 2910 939 2982 latinos
980 2918 1140 2982 auctores
1180 2911 1319 3005 legerit,
1361 2934 1424 2982 nec

355 3032 644 3128 philosophorum
674 3036 789 3119 modo,
813 3045 875 3107 aut
902 3035 1164 3122 historicorum,
1197 3042 1423 3130 poetarumve

353 3162 588 3254 cognitionem
625 3171 804 3235 assecutus
839 3165 896 3246 sit,
933 3187 1054 3235 verum
1083 3165 1189 3236 etiam
1217 3165 1277 3257 jus
1305 3163 1419 3246 civile,

353 3287 576 3373 medicinam,
612 3289 843 3383 theologiam,
890 3289 1139 3360 mathematica
1181 3288 1419 3382 perdidicerit,

352 3412 589 3507 investigarit,
612 3414 824 3509 explanarit.

404 3538 512 3611 Aliud
527 3540 913 3634 deniqueinchoaverat
931 3566 1030 3637 opuS,
1047 3545 1101 3613 Dc
1118 3543 1278 3613 veritate
1293 3540 1423 3611 cbris-

357 3665 477 3736 tionoe
490 3667 606 3754 fidei,
629 3668 687 3738 sed
708 3692 815 3761 quum
836 3671 872 3741 in
897 3668 1066 3740 moderati
1083 3674 1185 3760 atque
1204 3664 1340 3736 honesti
1361 3663 1423 3736 otii

355 3797 495 3883 portum
523 3791 712 3885 confugere
739 3794 927 3880 debuisset,
948 3801 1022 3864 turn
1041 3793 1174 3884 majore
1197 3792 1304 3861 totius
1330 3788 1424 3859 vale-

354 3915 486 3986 tudinis
501 3918 761 4012 perturbatione
772 3905 994 3991 exanimatus
1012 3927 1075 4003 est,
1094 3926 1128 3989 et
1144 3940 1319 3989 summum
1336 3916 1423 3988 illud

355 4041 508 4113 studium
526 4043 659 4114 remisit
678 4067 746 4137 quo
763 4046 805 4115 ab
830 4046 972 4117 ineunte
993 4050 1096 4114 aetate
1109 4044 1224 4114 fuerat
1243 4037 1419 4113 incensus

354 4167 447 4238 Tum
466 4168 663 4240 conticuere
683 4170 759 4263 ejus
781 4168 920 4254 litterae,
947 4171 1103 4262 adeoque
1123 4168 1309 4238 familiaris
1329 4168 1423 4237 facta

353 4298 405 4362 est
437 4289 606 4385 podagra,
639 4323 655 4358 α
685 4301 724 4364 ut
750 4295 828 4388 jam
858 4294 975 4364 minus
982 4348 1054 4363 .....
1090 4317 1133 4364 ex
1166 4291 1423 4363 assuefactione

355 4416 475 4511 gravis
490 4415 540 4514 (l)
571 4446 586 4482 »
609 4427 710 4490 esset.
730 4420 1002 4511 Ingravescente
1022 4425 1140 4490 autem
1161 4418 1196 4488 in
1216 4417 1290 4488 dies
1308 4417 1423 4488 aetatis

389 4602 420 4662 (1)
438 4601 504 4652 Viv.
525 4601 675 4664 Epistola.
692 4630 722 4644 -
735 4602 827 4664 Epist.
847 4604 979 4660 Erasmo,
998 4598 1029 4650 T.
1046 4598 1087 4648 ΙΙ.
1099 4613 1126 4662 p.
1146 4598 1190 4648 114
