3436 5404
792 619 946 676 -44-

334 779 519 874 sapientia,
538 800 645 871 quum
669 786 741 849 tam
765 776 885 848 sedulo
911 799 1036 848 curare
1054 776 1256 862 soleremus,
1284 787 1323 850 ut
1348 780 1403 852 vel

330 905 521 976 educandis
539 903 662 997 apibus
677 902 817 973 inbono
833 902 906 973 sole
916 925 999 972 area
1011 901 1241 976 collocaretur
1257 906 1325 999 (l).

379 1030 457 1100 Non
473 1028 676 1112 dilucidius
696 1027 906 1112 mehercule,
926 1027 1094 1120 explicuit
1108 1030 1401 1120 quemadmodum

329 1152 460 1224 classes
489 1154 540 1224 ita
559 1153 723 1223 distribui
744 1159 778 1222 et
805 1152 963 1223 ordinari
993 1159 1180 1246 oporteret,
1218 1162 1256 1225 ut
1289 1162 1401 1226 totum

332 1277 533 1369 vulgarium
568 1275 835 1369 disciplinarum
871 1276 988 1346 orbem
1027 1275 1157 1369 puella,
1190 1300 1252 1369 pro
1285 1279 1401 1349 aetatis

329 1401 477 1483 ratione,
495 1408 726 1495 percurreret.
750 1401 825 1472 Nec
843 1401 1063 1472 enumeravit
1082 1424 1151 1494 qua
1164 1401 1299 1472 ratione
1316 1425 1400 1496 pre-

332 1501 473 1621 cipuum
489 1527 614 1619 cuique
634 1525 739 1597 classi
758 1525 912 1598 studium
928 1525 1071 1596 attribui
1086 1533 1120 1596 et
1133 1527 1308 1618 assignari
1327 1528 1398 1599 vel-

330 1651 376 1722 let
385 1676 394 1742 3
430 1652 555 1746 primu,
583 1658 622 1722 ut
647 1650 815 1743 exemplis
837 1658 991 1735 utamur,
1019 1649 1152 1743 linguae
1174 1652 1393 1744 rudimenta;

329 1780 495 1865 secundo,
520 1779 1043 1871 ordinemconstructionemque
1059 1780 1263 1871 verboru1n3
1276 1781 1393 1865 tertie,

329 1907 542 1978 rhetoricam
568 1929 609 1976 ac
629 1905 849 1977 dialecticam
857 1931 866 1996 3
894 1914 1017 1999 quarto
1054 1906 1214 1999 denique,
1247 1907 1397 2000 philoso-

329 2033 463 2126 phiam,
481 2033 531 2102 ito
547 2041 662 2102 tamen
678 2039 717 2102 ut
735 2038 870 2102 cunctae
890 2030 1019 2102 classes
1034 2031 1126 2102 inter
1146 2055 1182 2102 se
1201 2033 1396 2104 arctissime

328 2168 543 2245 tenerentur,
574 2183 616 2230 ac
647 2159 792 2230 trivium
829 2158 1242 2252 illud'quadriviumque
1286 2161 1397 2255 amice

330 2286 566 2379 conjurarent.
594 2285 632 2354 ld
655 2284 795 2376 quidem
823 2283 1050 2354 intractatum
1079 2283 1220 2354 omnino
1242 2283 1395 2377 reliquit,

329 2419 391 2483 aut
405 2411 514 2504 ipsius
529 2409 755 2503 praeceptoris
768 2408 954 2479 arbitratui
973 2409 1164 2499 commisit3
1188 2409 1267 2479 inde
1284 2410 1398 2501 sequi-

328 2546 386 2608 tur
416 2543 453 2607 nt
480 2558 549 2605 non
578 2535 627 2605 ita
641 2535 744 2627 plane
763 2535 808 2605 sit
822 2533 1045 2627 perspicuum
1065 2556 1169 2626 quam
1191 2535 1397 2606 sententiam

329 2663 419 2732 inter
447 2667 497 2730 tot
521 2668 555 2731 et
581 2669 653 2730 tam
682 2660 840 2729 diversas
866 2682 921 2729 res
941 2658 1074 2742 tulerit,
1098 2659 1157 2729 sed
1183 2659 1250 2729 huc
1266 2667 1300 2730 et
1314 2658 1399 2730 illuc

329 2785 511 2870 erraverit,
530 2785 767 2877 potiusquam
786 2792 917 2854 certam
933 2783 1025 2883 viam
1042 2783 1246 2876 perrexerit.

378 2913 471 2992 Quid
490 2913 580 3006 quod
609 2935 671 2983 nec
699 2912 839 3006 planius
866 2913 984 2984 docuit
1004 2935 1082 3005 quae
1109 2919 1143 2983 et
1169 2912 1290 3004 quales
1312 2935 1399 2984 eru-

330 3039 468 3110 diendis
496 3037 621 3130 puellis
646 3037 828 3130 magistrae
857 3036 1065 3107 adhibendae
1091 3038 1231 3108 essentl
1259 3038 1398 3108 Etenim

330 3164 418 3235 illud
438 3162 679 3234 tantummodo
710 3162 830 3233 dixit:
860 3192 876 3227 «
902 3162 939 3234 Si
968 3162 1148 3233 foeminam
1167 3162 1322 3255 aliquam
1346 3163 1399 3233 in-

331 3290 449 3360 venire
486 3289 531 3359 sit
573 3295 731 3360 sanctam
759 3294 793 3358 et
819 3287 971 3370 doctam,
1006 3311 1084 3378 quae
1120 3287 1279 3370 erudiat,
1307 3287 1398 3357 hanc

331 3412 451 3484 malim
482 3415 549 3504 (2).
580 3447 594 3475 »
627 3414 742 3484 Probe
770 3414 872 3484 vero!
901 3413 968 3484 Sed
992 3413 1083 3482 hanc
1111 3413 1224 3506 ipsam
1253 3413 1398 3483 docendi

331 3540 465 3632 copiam
487 3539 537 3610 ita
552 3539 758 3623 verecunde,
781 3539 830 3608 ita
855 3538 1056 3609 dubitanter
1075 3538 1214 3610 mulieri
1234 3537 1341 3621 dedit,
1359 3545 1397 3609 ut

332 3662 445 3755 potius
455 3660 901 3754 abnueralongissimeque
915 3661 1028 3731 virum
1054 3690 1069 3725 (ι
1085 3659 1139 3732 vel
1149 3660 1392 3750 grandaevum,

331 3785 385 3856 vel
414 3794 505 3858 certe
536 3786 706 3878 optimum
731 3794 765 3856 et
792 3785 1077 3879 probatissimum
1098 3782 1146 3878 (3)
1176 3812 1191 3846 »
1224 3784 1396 3854 anteferre

330 3913 517 3983 videretur.
532 3911 766 3989 Quamobrem
784 3910 875 3980 hanc
891 3910 1088 4004 opinionem
1103 3910 1266 3981 habuerit
1281 3917 1397 3981 noster

328 4037 401 4121 ille,
430 4060 533 4130 quem
561 4035 749 4107 mulierum
782 4042 1036 4107 assentatorem
1065 4057 1146 4120 non,
1183 4035 1394 4119 mehercule,

361 4260 394 4323 (1)
412 4259 476 4308 Vir.
492 4260 533 4310 De
546 4264 674 4320 corrupt.
695 4263 760 4319 ort,

488 4341 529 4389 De
539 4340 690 4390 tradendis
701 4338 875 4401 disciplinis,
891 4339 923 4387 T.
944 4337 969 4387 I.
991 4338 1022 4386 L.
1043 4338 1081 4387 Π.
1100 4353 1129 4401 p.
1147 4335 1204 4386 450.

358 4429 392 4492 (2)
409 4429 475 4480 Viv.
490 4430 531 4478 Dc
543 4430 619 4478 [nst.
633 4431 716 4488 foem.
732 4427 846 4487 chrisa,
865 4427 897 4475 T.
912 4426 949 4476 II.
962 4427 995 4476 L.
1017 4426 1042 4476 Ι.
1063 4426 1094 4476 C.
1112 4427 1161 4476 IV.
1174 4441 1203 4489 p.
1224 4424 1282 4476 656.

358 4518 393 4582 (3)
409 4518 454 4569 Id.
473 4518 557 4580 zoio,
573 4518 605 4566 T.
622 4518 659 4567 II.
677 4517 710 4566 L.
728 4516 752 4566 Ι.
767 4517 798 4568 C.
817 4517 871 4567 lv.
890 4531 920 4579 p.
942 4517 1001 4565 (ho.
