3436 5404
736 687 893 746 ..13-

279 850 487 942 scriptorum
517 847 618 918 facile
652 847 703 942 (l)
736 877 753 912 »
790 849 1135 942 praestantissimum,
1162 849 1221 920 sed
1246 853 1344 944 quasi

280 973 437 1046 consulto
451 981 485 1045 et
499 980 636 1045 suaset
653 973 803 1044 aliorum
822 974 1012 1046 sententias
1027 975 1284 1047 obscurantem.

328 1099 451 1170 Multis
465 1105 581 1171 autem
597 1098 716 1186 ViveS,
735 1105 774 1170 ut
788 1105 864 1169 erat
878 1101 954 1193 ejus
970 1100 1131 1186 audacia,
1141 1101 1344 1196 displicuit,

205 1268 209 1273 κ’
282 1225 542 1318 praesertimque
579 1223 782 1294 inimicitias
814 1225 934 1296 subiit
968 1224 1252 1319 Theologorum‚
1288 1229 1348 1320 qui

275 1353 352 1444 jam
380 1373 424 1422 ex
449 1341 490 1422 eo
523 1358 677 1445 tempore
710 1350 933 1443 pertinaciter
959 1374 1038 1422 eum
1063 1352 1223 1424 insectati
1250 1363 1343 1426 sunt.

281 1477 400 1570 ltaque
426 1501 468 1548 ea
493 1466 603 1549 causa
624 1476 800 1547 Lutetiam
829 1475 1082 1571 aliquantisper
1109 1479 1348 1572 proficiscendi

279 1604 310 1673 ei
336 1602 416 1686 fuit,
449 1611 484 1673 et
514 1603 666 1673 ibicum
692 1602 893 1672 doctissimo
926 1611 961 1673 et
988 1603 1225 1676 illustrissimo
1256 1606 1345 1688 vir0,

279 1728 423 1810 Budaeo‚
447 1727 588 1820 aliquod
609 1726 858 1798 commercium
878 1727 1001 1799 habuit
1018 1753 1027 1818 ;
1046 1729 1106 1799 sed
1122 1729 1213 1800 inter
1228 1731 1347 1802 ambos

167 1877 170 1883 ·
279 1853 427 1922 societas
447 1851 526 1934 fuit,
550 1874 731 1944 nunquam
752 1851 919 1934 amicitia,
938 1852 1022 1946 quia
1045 1875 1114 1924 non
1129 1853 1273 1925 deerant
1288 1854 1347 1947 qui

280 1979 314 2047 in
335 1977 590 2049 Budaeianimo
616 2008 631 2042 α
659 2001 762 2048 caecae
778 1975 1012 2053 aemulationis
1032 1979 1170 2052 fomites
1198 1980 1348 2052 residere

275 2077 476 2197 judicarent
501 2103 566 2195 (2).
594 2131 609 2166 >›

297 2227 300 2232 ’
330 2229 526 2300 Lovanium
546 2250 653 2321 quum
669 2251 739 2298 non
759 2229 809 2298 ita
835 2227 945 2300 multo
974 2236 1052 2323 post
1068 2252 1228 2301 reversus
1243 2238 1345 2317 esset,

281 2352 409 2447 privati
433 2350 656 2446 praeceptoris
681 2373 811 2421 munus
840 2358 1025 2423 exsecutus
1062 2361 1127 2438 est,
1158 2353 1349 2424 instituen-

282 2480 433 2572 dumque
461 2477 694 2548 Wilhelmum
723 2477 878 2561 Oroium,
915 2478 1123 2551 Toletanum
1156 2479 1349 2572 archiepis-

282 2625 419 2696 copum,
446 2600 675 2672 libentissime
703 2601 867 2694 suscepit.
891 2602 976 2673 Mox
1003 2610 1119 2674 autem
1139 2625 1219 2686 eum
1233 2603 1351 2674 amisit

281 2729 533 2812 Maecenatem,
570 2727 758 2798 immaturo
805 2727 948 2799 interitu
996 2703 1192 2823 abreptum,
1242 2727 1349 2801 veluti

281 2847 464 2924 flosculum
493 2859 652 2922 tenerum
684 2881 700 2916 «
732 2851 768 2921 in
793 2851 868 2944 ipso
888 2857 1011 2922 exortu
1042 2829 1087 2948 (3)
1119 2853 1348 2936 succisum»,

283 2999 345 3048 neo
359 2977 470 3049 ullum
491 2976 644 3070 percepit
659 2976 813 3075 tractum
828 2999 870 3046 ex
887 2975 948 3046 illo
964 2999 1066 3069 opere
1082 2977 1172 3070 quod
1187 2977 1351 3071 defuncto

282 3104 516 3187 dedicaverat,
533 3104 583 3174 In
606 3108 750 3194 septem
774 3102 954 3175 Psalmos
976 3105 1264 3194 poenitentiales
1278 3125 1352 3175 mc-

282 3229 486 3300 dilationes
505 3233 659 3320 septem.
689 3227 822 3299 Eodem
836 3236 991 3321 tempore
1011 3227 1156 3298 docebat
1179 3228 1353 3322 Hierony-

284 3375 377 3424 mum
401 3352 622 3440 Ruffaldum‚
651 3351 819 3424 Ecclesiae
844 3353 941 3424 Petri
957 3353 1155 3425 Gandensis
1175 3353 1350 3436 abbatem,

284 3479 544 3573 Antoniumque
567 3481 796 3573 Bergensem
829 3480 1117 3572 Honoratumque
1145 3479 1351 3562 loannium‚

283 3612 317 3674 et
346 3606 490 3676 Petrum
514 3605 752 3689 Malvendam‚
780 3611 814 3675 et
843 3603 941 3675 illam
966 3605 1104 3698 origine
1128 3605 1355 3696 doctrinaque

272 3730 539 3802 ‘nobilissimam
553 3730 748 3815 mulierem,
766 3731 942 3802 Menoiam
961 3730 1003 3802 de
1022 3731 1203 3802 Mendoza.

332 3858 469 3927 lnterea
479 3879 586 3949 quum
596 3858 673 3950 jam
689 3852 836 3928 Lovanii
853 3856 1089 3930 celebraretur
1098 3865 1133 3928 et
1143 3857 1179 3927 in
1197 3857 1354 3928 omnium

284 4005 342 4052 ore
363 3988 575 4065 versaretur,
607 4012 623 4047 «
657 3982 802 4052 docendi
828 3983 1035 4075 magister»
1064 3982 1271 4076 designatus
1287 3990 1351 4067 est,

284 4115 318 4177 et
344 4107 386 4176 ad
416 4107 656 4200 explanandos
684 4129 823 4200 graecos
850 4113 1009 4178 auctores
1047 4107 1218 4180 incubuit.
1255 4108 1356 4186 Quod

285 4231 425 4321 quidem
458 4253 565 4324 quum
597 4230 675 4324 jam
707 4253 770 4324 per
799 4252 848 4313 se,
882 4237 956 4301 tum
989 4231 1099 4301 multo
1131 4231 1258 4324 magis
1282 4239 1357 4303 erat

317 4452 350 4516 (l)
367 4453 430 4503 Viv.
448 4455 581 4504 Decorus.
595 4425 810 4515 corruptam,
823 4452 851 4501 T.
871 4452 893 4500 l.
913 4452 946 4501 L.
967 4451 988 4502 l.
1001 4466 1027 4515 p.
1044 4451 1103 4501 336.

318 4542 350 4604 (2)
369 4542 441 4591 Bud.
459 4543 562 4604 Opera.
577 4540 662 4590 Basil.
678 4540 750 4590 1545.
765 4568 796 4578 —
812 4543 887 4590 Bccd.
906 4541 974 4590 cita.
992 4541 1022 4589 T.
1040 4540 1063 4588 l.
1085 4555 1114 4604 p.
1129 4539 1169 4589 13.

318 4632 357 4695 (3)
372 4631 479 4682 Trasm.
491 4632 582 4693 Epist.
598 4633 717 4689 Budroe,
731 4631 762 4680 Τ.
777 4631 798 4680 1.
812 4631 842 4680 L.
855 4630 932 4681 XIV.
949 4645 975 4694 p.
988 4630 1044 4680 682.

1197 4719 1214 4778 2
