3436 5404
760 631 955 688 --55-v

311 793 346 864 in
368 793 647 878 convitiisratio,
666 815 774 887 quum
804 792 951 863 «omnia
977 792 1072 883 ignis
1094 791 1318 861 accenderit»
1342 799 1376 863 et

309 943 373 990 sua
393 920 525 1004 fecerit,
545 942 607 990 nec
634 918 727 991 ullus
748 919 825 1012 jam
858 917 965 988 fuerit
987 947 1002 981 «
1011 916 1146 1010 J'udicio
1165 915 1286 1005 locus(
1314 923 1372 1006 )».

314 1046 435 1138 ltaque
453 1075 468 1109 u
484 1045 555 1116 solo
569 1074 584 1108 »
604 1051 685 1115 sunt
701 1043 905 1146 cohibendae
924 1049 1079 1114 «metu»
1101 1063 1108 1112 :
1132 1041 1191 1134 qui
1208 1042 1237 1112 si
1252 1041 1374 1125 aberit,
1444 1057 1445 1060 ’

316 1200 330 1234 v
345 1178 419 1242 tum
430 1171 568 1241 demum
582 1201 597 1235 »
617 1170 787 1263 malignae
803 1191 923 1239 earum
943 1174 1107 1238 «naturae
1120 1167 1276 1238 habenas
1292 1166 1344 1259 (2)
1360 1198 1375 1231 »

314 1293 460 1366 laxabit.
480 1295 579 1374 Quod
607 1295 634 1364 si
664 1301 780 1364 tumen
796 1299 992 1364 mansuetae
1013 1298 1141 1362 natura
1162 1297 1256 1374 sunt,
1277 1313 1320 1360 611
1339 1312 1379 1360 66

315 1421 560 1491 tautummodo
586 1419 815 1512 proficiscitur
846 1418 939 1510 quod
976 1447 991 1482 «
1014 1416 1120 1488 alieni
1153 1416 1277 1487 auxilii
1288 1416 1341 1509 (3)
1361 1444 1376 1477 »

315 1546 538 1617 vehementer
558 1546 728 1638 indigent.

362 1658 416 1742 Ea
449 1678 501 1742 est
529 1671 694 1741 nimirum
725 1669 874 1762 pulchra
904 1668 1005 1739 Vivis
1036 1665 1233 1761 peroratio!
1267 1667 1381 1746 Quam

316 1797 471 1890 quidem,
504 1805 542 1867 ut
569 1795 673 1881 volet,
710 1796 857 1888 quisque
885 1794 1062 1887 accipiat3
1094 1792 1184 1863 nihil
1215 1792 1258 1862 ad
1292 1815 1377 1863 rem.

314 1923 418 1993 Nunc
433 1923 467 1992 id
484 1923 575 2014 quod
599 1924 714 2014 majus
729 1928 794 2009 est,
813 1926 978 2014 quantam
999 1919 1125 1990 mentis
1145 1917 1381 1989 infirmitatem

315 2049 351 2118 in
371 2046 578 2119 mulieribus
602 2048 715 2118 inesse
738 2045 1005 2129 existimaverit,
1027 2052 1061 2116 et
1076 2066 1178 2139 quem
1202 2044 1317 2116 locum
1345 2045 1382 2114 in

314 2173 460 2244 humani
505 2174 645 2266 generis
691 2172 855 2243 societate
896 2171 1086 2244 tenendum
1131 2170 1182 2241 eis
1224 2169 1379 2256 dederit,

313 2308 506 2372 extremum
524 2301 620 2372 audi.

363 2427 528 2498 Crederes
553 2449 637 2497 sane
659 2426 771 2519 primo
786 2424 952 2518 adspectu
972 2423 1110 2507 Vivem,
1139 2444 1244 2516 quum
1265 2421 1380 2515 palam

314 2549 557 2642 praedicaverit
582 2547 679 2619 molli
712 2570 818 2619 manu
842 2545 1066 2619 alliciendam
1094 2541 1168 2618 esse
1197 2546 1241 2616 ad
1265 2545 1381 2617 studia

277 2684 279 2688 ’
316 2674 483 2768 puellam,
514 2680 670 2746 veterum
698 2672 893 2767 disciplinae
923 2673 1095 2744 fautorem
1124 2695 1199 2744 esse
1224 2679 1259 2743 et
1286 2694 1382 2742 ama-

313 2813 438 2888 torem,
473 2828 536 2876 nec
560 2802 739 2894 antiquius
768 2799 897 2870 habere
924 2799 1113 2894 quidquam
1142 2797 1252 2883 aliud,
1279 2820 1383 2890 quam
1437 2799 1439 2809 ’

314 2931 537 3002 notissimum
558 2928 643 3001 illud
667 2933 702 2997 et
724 2924 817 2994 idem
843 2925 1138 2998 humanissimum
1152 2930 1380 3019 praeceptum,
1400 2910 1403 2914 ⁵

315 3057 449 3129 scilicet
464 3065 504 3128 ut
518 3065 681 3129 naturam
698 3078 897 3151 sequamur.
922 3055 988 3126 Nae
1007 3061 1078 3124 1616
1093 3047 1202 3135 66616,Ι
1217 3058 1256 3123 111
1270 3051 1382 3134 aiunt,

314 3184 437 3254 erras!
468 3183 603 3276 Quippe
618 3191 695 3276 post
718 3204 837 3254 omnes
854 3178 1022 3251 Ecclesiae
1044 3178 1167 3249 Patres
1187 3182 1383 3271 suspectam

314 3307 466 3378 habebat
491 3306 688 3390 mulierem,
716 3313 836 3400 utpote
859 3327 939 3397 quae
967 3304 1004 3374 111
1033 3301 1095 3373 illa
1120 3301 1234 3396 prima
1262 3297 1384 3371 mundi

316 3434 494 3527 origine«
508 3431 682 3504 machinis
705 3431 835 3503 diaboli
858 3429 1141 3525 oppugnantis...
1165 3429 1219 3522 (4)
1243 3427 1386 3498 seducta

313 3560 348 3629 iu
388 3558 716 3652 praevaricationem
743 3556 827 3646 (5)»
867 3555 985 3639 fuerit,
1012 3552 1180 3646 illumque
1204 3552 1383 3625 credulum

314 3685 430 3777 ipsum
459 3683 635 3754 Adamum
668 3682 713 3752 ad
746 3681 995 3774 perficiendum
1024 3678 1136 3751 scelus
1183 3679 1381 3752 adduxerit.

315 3809 455 3880 Etenim
476 3808 561 3902 quid
589 3807 679 3901 quod
703 3807 820 3879 cuncti
839 3804 1008 3878 Ecclesiae
1027 3805 1196 3887 doctores
1219 3806 1385 3876 unanimo

319 3957 489 4022 consensu
515 3933 678 4026 quodam,
701 3939 736 4003 61
754 3931 925 4004 exsecrati
947 3937 981 4002 et
995 3931 1156 4002 detestati
1185 3939 1267 4001 sunt
1288 3930 1384 4000 illam

314 4083 397 4153 quae
416 4066 551 4131 tantam
568 4058 723 4130 humano
738 4059 858 4152 generi
869 4059 991 4129 molita
1005 4063 1058 4128 est
1068 4055 1383 4150 pernicieleuid

350 4239 385 4296 (1)
403 4237 469 4288 Viv.
485 4239 528 4288 De
546 4239 622 4288 inst.
644 4241 720 4299 foem.
735 4240 845 4298 christ„
861 4239 891 4288 T.
907 4240 941 4287 ΙΙ.
962 4238 993 4286 L.
1011 4238 1043 4286 Il.
1061 4237 1090 4287 C.
1105 4237 1151 4287 IV.
1168 4253 1193 4302 p.
1211 4237 1265 4286 715.

347 4328 382 4390 (a)
397 4329 436 4378 m.
454 4331 545 4388 1116..
561 4329 594 4378 r.
612 4329 644 4376 u.
660 4329 687 4376 u.
707 4328 729 4376 1.
745 4329 776 4379 6
798 4330 842 4378 nr.
856 4344 882 4391 p.
894 4327 951 4378 652.
1224 4327 1227 4333 ·

346 4418 438 4478 (3116.
457 4419 811 4477 [tranuntur.
830 4419 929 4482 pon.

351 4511 384 4571 (l)
401 4512 463 4562 Viv.
481 4513 523 4562 De
535 4515 608 4561 lust.
620 4514 698 4571 foem.
716 4510 825 4570 christ,
841 4511 871 4558 T.
885 4510 922 4558 11.
942 4509 973 4557 L.
987 4510 1009 4559 1.
1023 4509 1051 4560 C.
1068 4509 1115 4559 VI.
1135 4523 1161 4572 p.
1176 4508 1231 4556 660.

351 4599 386 4662 (5)
400 4599 439 4648 ld.
457 4601 540 4656 rota,
558 4599 587 4646 T.
600 4599 631 4646 ll.
647 4599 677 4646 lt.
698 4599 718 4646 l.
735 4599 764 4654 C.
775 4597 823 4646 IV.
843 4612 871 4660 p.
885 4597 942 4645 657.
