3436 5404
771 633 870 692 -49

312 809 346 873 et
361 799 498 872 occulta
526 820 753 870 numerorum
783 794 949 890 mysteria
971 793 1121 865 scrutari
1150 816 1218 863 non
1242 815 1381 864 necesse

315 928 373 1011 sit,
389 933 505 996 tamen
524 947 586 994 cur
601 945 668 993 non
688 929 723 993 et
746 921 914 991 advocata
937 926 989 990 est
1008 919 1043 989 in
1059 926 1265 990 caeterarum
1280 917 1380 989 disci-

315 1052 490 1147 plinarum
510 1050 709 1120 societatem
730 1047 807 1117 haec
830 1069 901 1128 ars,
930 1068 1020 1138 quae,
1044 1050 1170 1138 praeter
1183 1043 1379 1136 jucundam

315 1176 613 1259 exercitationem,
644 1174 855 1268 praecipuam
884 1171 956 1241 vim
989 1169 1030 1240 ad
1057 1169 1252 1242 acuendum
1272 1169 1379 1261 inge-

315 1303 413 1373 nium
441 1300 567 1372 hab'ett
588 1300 678 1378 Quid
698 1298 847 1391 denique
873 1296 964 1390 quod
979 1319 1021 1367 ne
1041 1295 1270 1388 geometriam
1295 1293 1378 1386 qui-

314 1430 393 1499 dem
430 1449 540 1519 neque
573 1425 830 1519 geographiam
864 1424 1033 1507 nominat,
1069 1422 1104 1492 in
1135 1421 1259 1514 quibus
1288 1419 1379 1489 mira

314 1552 474 1645 quaedam
490 1551 646 1622 suavitas
666 1557 700 1621 et
717 1547 900 1620 delectatio
921 1570 989 1617 non
1009 1545 1131 1617 deest?

360 1675 442 1745 Jam
468 1697 563 1757 vero,
596 1680 634 1744 ut
656 1695 845 1766 pergamus
878 1671 921 1742 ad
946 1669 1092 1762 reliqua,
1123 1691 1378 1742 nonnecenses

312 1800 520 1871 illiberalem
534 1799 606 1870 fere
620 1799 728 1870 fuisse
743 1805 777 1869 et
791 1804 891 1869 extra
905 1799 1047 1871 modum
1055 1798 1227 1892 prodiisse
1237 1798 1376 1882 Vivem,

310 1929 369 2020 qui
389 1912 461 1998 tam
481 1927 667 2020 aspere·sit
682 1927 839 2016 invectus
854 1927 890 1997 in
916 1949 976 1998 eas
992 1950 1071 2020 quae
1090 1925 1237 1998 ludicrae
1260 1925 1378 2021 appel·
1459 1945 1461 1948 ·

195 2077 202 2084 ·
309 2053 429 2124 lantur
448 2060 554 2137 artes,
573 2075 723 2146 quarum
739 2058 866 2123 natura
886 2075 927 2123 ea
942 2059 994 2122 est
1008 2074 1200 2145 quaeaures
1215 2051 1379 2124 oculosve

310 2177 458 2248 oblectet
486 2177 729 2271 eruditumque
744 2177 868 2249 luxum
883 2177 1025 2249 foveat?
1047 2178 1139 2272 Age,
1157 2179 1378 2252 concedimus

309 2303 415 2396 longe
429 2302 600 2395 longeque
613 2301 805 2395 plurimum
819 2325 895 2374 esse
909 2303 1079 2374 arcendas
1095 2303 1174 2375 illas
1194 2328 1273 2397 quae
1292 2335 1312 2370 u
1342 2305 1377 2375 in

310 2428 537 2499 tentationem
562 2428 689 2498 animae
717 2429 899 2499 hominum
928 2457 944 2490 u
971 2435 1005 2499 et
1028 2429 1064 2498 in
1090 2429 1327 2522 insipientiam
1358 2459 1374 2493 u

310 2559 378 2623 et«
408 2551 664 2645 corruptionem
684 2551 766 2622 vitae
782 2552 835 2646 (1)
865 2580 880 2615 u
904 2552 1055 2624 inventae
1074 2562 1167 2626 sunt.
1194 2552 1242 2625 At
1261 2563 1380 2648 aperte

311 2677 554 2748 confitebimur
564 2699 627 2748 nec
637 2677 879 2772 injucundam,
897 2701 958 2749 nec
974 2679 1133 2751 inutilem
1148 2703 1237 2764 esse,
1251 2681 1380 2753 nedum

312 2803 453 2873 noxiam
464 2802 688 2874 inimicamve
698 2803 866 2887 moribus,
885 2804 1030 2875 musicae
1045 2805 1292 2898 cognitionem.
1309 2808 1381 2879 Re

310 2928 525 3021 prehendere
543 2928 670 3021 possis,
695 2929 724 2998 si
745 2928 844 3014 velis
868 2929 1047 3012 nescimus
1079 2954 1185 3024 quam
1209 2933 1381 3026 sympho-

312 3053 407 3123 niam
425 3083 441 3118 «
471 3074 550 3145 quae
570 3053 665 3124 vocis
685 3054 804 3146 gratia
829 3061 864 3125 et
884 3055 1126 3149 pestilentibus
1146 3058 1378 3143 cantionibus

311 3181 694 3272 instrumentorumque
713 3179 944 3274 voluptuariis
968 3182 1162 3254 modulis...
1190 3183 1377 3268 incentiva,

312 3305 347 3375 in
376 3326 514 3376 omnem
543 3303 727 3375 lasciviam
751 3313 785 3376 et
809 3307 1064 3401 corruptionem
1095 3308 1253 3379 animum
1278 3309 1331 3402 (2)
1360 3337 1376 3373 n

311 3428 471 3499 debilitat
482 3451 491 3516 ;
509 3429 592 3522 jure
607 3449 689 3499 vero
702 3431 886 3523 exagitare
905 3454 974 3502 non
994 3432 1106 3526 possis
1120 3431 1218 3503 illam
1238 3455 1316 3526 quae
1334 3433 1379 3502 ad

312 3554 570 3627 humanitatem
586 3557 721 3629 animos
737 3557 897 3652 impellit,
919 3566 953 3630 et
972 3559 1008 3630 in
1024 3582 1092 3652 qua
1119 3566 1256 3631 tantum
1271 3560 1380 3631 insti-

312 3682 393 3752 terit
416 3680 546 3776 puella‚
574 3691 743 3776 quantum
768 3685 1030 3757 adornandam
1067 3695 1217 3760 mentem
1242 3712 1382 3762 necesse

312 3807 430 3878 fuerit.
453 3807 595 3892 Melius,
615 3810 826 3901 mehercule,
857 3813 977 3883 eodem
1008 3820 1161 3907 tempore
1186 3814 1383 3887 sentiebant

312 3932 490 4005 Lutherus
532 3932 591 4004 ille
634 3934 779 4027 eiusque
821 3937 1025 4031 discipulus
1066 3939 1281 4023 Melancth0‚
1322 3942 1384 4034 qni

312 4058 457 4128 summis
507 4057 671 4131 laudibus
718 4061 849 4154 pariter
896 4064 987 4134 hanc
1022 4073 1133 4136 artem
1174 4066 1216 4136 ad
1256 4066 1382 4138 coelum

314 4203 489 4276 nusquam
505 4207 572 4256 non
588 4185 801 4258 extollebant
821 4186 884 4283 (3).

313 4369 429 4492 plqlfflpl.
450 4369 480 4418 C.
511 4369 702 4434 Agrippiana
727 4374 861 4423 sanitate
883 4377 1082 4433 scientiarum,
1107 4377 1135 4426 T.
1163 4377 1200 4427 ll.
1228 4378 1256 4428 C.
1281 4379 1380 4430 LXIV·

342 4522 377 4582 (a)
395 4522 435 4571 lu.
451 4526 535 4581 rara,
554 4540 579 4589 p.
599 4523 652 4574 raa.

343 4612 378 4674 (3)
395 4612 426 4660 P.
445 4612 591 4662 Melancth.
604 4617 751 4677 Epistola.

345 4694 396 4754 Ep.
411 4695 603 4754 complectens
616 4698 893 4746 commendationem
913 4700 1045 4756 Alliariae,
1059 4701 1087 4749 Τ.
1105 4701 1142 4750 11,
1159 4717 1185 4766 p.
1202 4701 1247 4752 193
