3436 5404
708 1364 863 1436 CAPUT
893 1366 941 1437 IV

514 1841 624 1939 Quid
649 1840 749 1916 novi
774 1840 957 1916 attulerit
981 1840 1138 1916 Vives?

253 2122 259 2132 ¹
343 2149 431 2228 Quae
455 2149 490 2219 in
514 2149 761 2220 Institutione
786 2149 962 2238 foeminae
999 2148 1228 2219 christianae
1255 2147 1359 2242 paulo

295 2273 484 2347 obsoletius
498 2271 643 2357 olerent,
662 2279 765 2344 antea
781 2273 948 2364 vidimus3
976 2295 1070 2344 nunc
1089 2273 1171 2366 qnid
1193 2270 1228 2344 in
1245 2275 1360 2344 animo

295 2398 492 2490 conceperit
511 2397 630 2480 ViveS,
654 2419 721 2490 qno
736 2419 806 2467 non
814 2384 924 2467 'modo
939 2398 1119 2490 antiquam
1136 2396 1359 2491 disciplinam

295 2523 436 2609 delevit,
466 2525 524 2596 sed
550 2547 677 2596 novum
702 2522 835 2617 aliquid
848 2525 953 2595 etiam
969 2525 1192 2612 instauravit,
1211 2523 1361 2618 diligen-

296 2649 427 2720 tissime
443 2649 728 2720 examinandum.

345 2778 425 2847 Jam
453 2776 552 2847 nobis
578 2777 730 2870 primum
759 2777 895 2848 videtur
925 2800 993 2848 non
1031 2800 1176 2870 parvam
1215 2800 1362 2848 navasse

297 2925 451 2995 operam,
469 2902 539 2972 imo
557 2925 788 2995 permagnum
804 2901 958 2974 effecisse
970 2902 1148 2995 quiddam,
1162 2909 1196 2974 et
1210 2902 1277 2972 hoc
1292 2924 1361 2972 uno

297 3027 434 3098 caeteris
471 3027 697 3119 scriptoribus
742 3025 796 3098 vel
840 3027 992 3098 maxime
1021 3027 1241 3121 praestitisse,
1271 3026 1362 3119 qnod

299 3175 405 3244 quum
425 3150 486 3222 alii
506 3175 542 3223 se
563 3152 606 3222 ad
628 3151 899 3245 philosophiam,
917 3149 978 3221 alii
1003 3151 1046 3222 ad
1070 3152 1131 3245 jus
1158 3149 1274 3235 civile,
1302 3149 1364 3220 alii

286 3277 344 3347 ad
367 3276 612 3369 eloquentiam,
628 3277 715 3370 ‘ipse
748 3277 791 3346 ab
818 3276 1036 3347 scribendam
1073 3277 1366 3348 institutionem

299 3404 474 3500 foenttnoe
493 3403 719 3474 ottrtsttonoe
734 3401 1001 3495 seseapplicuit.
1025 3402 1113 3480 Quae
1133 3401 1273 3495 quidem
1295 3423 1364 3484 res,

300 3532 338 3597 ut
351 3525 502 3596 maxime
529 3526 726 3596 necessaria
754 3548 795 3595 ac
824 3524 1022 3618 cognitione
1042 3525 1253 3618 dignissima
1276 3532 1365 3609 erat,
1470 3577 1472 3581 -

300 3652 350 3722 ita
369 3674 428 3722 seu
440 3658 579 3745 propter
598 3674 763 3736 errorem,
787 3673 848 3723 seu
868 3659 1009 3746 propter
1031 3651 1284 3746 negligentiam
1308 3659 1369 3724 aut

301 3775 489 3860 inscitiam,
521 3776 691 3848 hactenus
720 3775 892 3846 intentata
921 3775 1047 3846 luerat.
1080 3775 1222 3846 Primus
1251 3785 1369 3848 autem

301 3900 474 3972 intellexit
491 3901 563 3994 jam
578 3902 746 3994 majorem
763 3922 866 3992 quam
884 3908 986 3970 antea
1001 3923 1122 3972 curam
1141 3900 1368 3972 instituendis

274 4087 276 4091 ,
302 4026 427 4119 puellis
456 4032 613 4118 oportere
642 4025 814 4108 adhiberi,
844 4026 1046 4118 primusque
1066 4033 1196 4098 certam
1219 4049 1260 4097 ac
1288 4025 1371 4095 defi-

303 4151 412 4221 nitam
438 4151 608 4221 rationem
633 4150 669 4219 in
686 4149 854 4242 peculiari
871 4172 974 4243 opere
989 4149 1139 4242 quodam
1160 4151 1372 4222 adumbrare

304 4282 407 4369 atque
426 4275 592 4368 effingere
606 4282 752 4347 conatus
768 4282 831 4346 est.
855 4275 995 4346 Etenim
1010 4274 1166 4368 plerique
1181 4277 1368 4370 scriptores

305 4402 479 4474 confectas
495 4402 592 4473 senio
604 4402 775 4473 nescimus
787 4425 873 4494 quas
884 4401 1062 4472 doctrinas
1078 4401 1374 4494 reprehenderant

305 4534 339 4598 et
353 4528 636 4631 exagitaverant:
656 4526 852 4622 puellarum
863 4550 944 4599 vero
960 4527 1216 4599 institutionem
1231 4528 1372 4598 omnino
1411 4547 1414 4553 ·

1216 4670 1231 4728 8
