3436 5404
757 624 915 684 ..35-

302 783 489 868 ministret,
512 806 615 876 quam
631 784 761 876 publici
776 785 877 877 coqui
891 791 1044 855 tractant
1061 806 1068 854 :
1099 808 1160 855 uec
1176 785 1365 878 voluptatis

304 909 435 991 nimiae,
452 931 493 979 ac
511 909 631 1001 gulae:
659 909 717 978 sed
735 909 901 994 sobriam,
921 910 1099 992 mundam,
1118 907 1362 1002 temperatam,

304 1033 477 1127 frugalem
499 1035 567 1124 (l).
595 1063 610 1096 »
686 1125 688 1129 ι
885 1117 887 1122 Ι

354 1161 412 1231 Sic
436 1159 530 1230 haud
552 1159 720 1250 exiguam
744 1166 778 1230 et
800 1160 844 1229 ab
873 1158 943 1229 illis
967 1166 1000 1230 et
1025 1161 1068 1229 ab
1091 1159 1147 1231 his
1169 1160 1369 1253 parentibus

305 1284 421 1378 puella
458 1284 560 1354 inibit
591 1284 758 1376 gratiam,
790 1285 981 1378 praesertim
1008 1285 1037 1355 si
1068 1286 1146 1377 quis
1179 1307 1300 1356 eorum
1335 1286 1370 1355 ln

304 1411 464 1482 morbum
492 1410 657 1503 aliquem,
690 1418 727 1481 ut
749 1434 841 1503 saepe
863 1412 913 1494 fit,
935 1411 1108 1482 inciderit.
1139 1410 1312 1496 Primum,
1336 1412 1372 1481 id

304 1536 395 1629 quod
410 1557 533 1628 nempe
547 1535 796 1607 difficillimum
819 1544 885 1621 est,
907 1543 1069 1630 sumptus
1089 1536 1147 1628 qni
1175 1559 1243 1606 non
1265 1535 1372 1607 semel

304 1665 403 1730 extra
420 1658 560 1729 modum
576 1659 748 1751 prodeunt
767 1659 810 1729 ad
827 1681 968 1729 censum
983 1659 1121 1752 parcius
1137 1660 1373 1730 accommoda-

305 1784 372 1874 bit3
403 1807 483 1854 nam
511 1807 589 1877 quae
619 1785 748 1855 mensis
792 1792 977 1877 parantur,
1013 1793 1183 1878 praesente
1214 1784 1370 1869 domina,

305 1908 440 1978 minore
477 1908 634 2000 impensa
670 1908 778 1998 fiunt;
810 1908 935 1978 deinde
969 1931 1070 2000 quem
1101 1909 1276 1978 curaverit
1300 1908 1373 1980 suis

305 2033 468 2104 manibus
483 2030 560 2126 ipsa
574 2033 705 2119 cibum,
726 2034 754 2103 is
764 2034 955 2127 jucundior
974 2033 1039 2102 erit
1056 2055 1161 2125 quam
1186 2033 1244 2126 qui
1263 2033 1372 2104 ancil-

305 2157 422 2229 larum
452 2159 613 2228 manibus
645 2157 878 2229 ministratur.
903 2159 1084 2228 Postremo
1103 2159 1213 2228 multo
1234 2159 1374 2230 facilius

306 2283 461 2365 nubebit,
493 2305 644 2375 numque
671 2305 739 2353 non
765 2306 807 2353 ea
835 2306 919 2353 sane
943 2291 997 2353 est
1019 2306 1097 2375 qnae
1125 2284 1277 2375 ignoret,
1306 2307 1374 2354 non

307 2430 413 2478 unam
435 2430 593 2492 uxorem,
618 2415 656 2478 ut
670 2415 724 2478 est
743 2406 932 2478 delicatum
947 2407 1239 2500 fastidiosumque
1269 2407 1375 2477 mari·
1443 2385 1446 2395 ¹

307 2541 421 2600 torum
437 2529 613 2623 palatum!
637 2530 674 2600 in
686 2531 805 2600 odium
823 2530 886 2599 viri
905 2530 1052 2614 venisse,
1068 2530 1158 2622 quod
1175 2554 1212 2600 se
1223 2530 1373 2600 tironem

307 2656 566 2749 coquendorum
585 2655 741 2726 ciborum
762 2655 921 2726 contessa
936 2655 993 2726 sit.

355 2782 436 2850 Non
459 2781 570 2872 igitur
593 2803 716 2850 nomen
740 2809 756 2844 «
775 2779 958 2850 culinariae
974 2808 1006 2863 »,
1028 2780 1186 2873 sineque
1207 2802 1269 2850 nec
1284 2781 1372 2872 aegri

307 2901 641 2987 convalesceremua
674 2927 736 2974 nec
762 2903 838 2974 sani
868 2904 1077 2986 viveremus
1109 2903 1275 2988 fastidiet,
1312 2927 1374 2975 nec

307 3049 384 3097 eam
400 3028 541 3099 habebit
561 3051 729 3100 manuum
740 3028 1023 3112 sollicitudinem,
1042 3038 1138 3100 utne
1154 3027 1281 3099 culinae
1298 3029 1375 3121 qui·
1417 3125 1420 3134 1

306 3155 387 3228 dem
401 3158 523 3228 adesse
538 3157 633 3241 velit,
661 3167 722 3227 aut
746 3157 780 3226 id
802 3164 958 3250 spectare
982 3166 1118 3228 recuset
1135 3158 1227 3250 quod
1245 3157 1299 3228 vel
1316 3181 1375 3250 pa-

307 3304 400 3367 rone,
414 3282 468 3354 vel
483 3283 626 3377 conjux,
647 3282 702 3352 vel
716 3282 823 3353 etiam
838 3281 934 3354 filius
964 3306 1088 3353 esurus
1116 3292 1179 3353 est.
1204 3283 1272 3353 Sed
1291 3283 1376 3354 sciet

312 3438 327 3473 u
350 3410 473 3480 faedari
508 3409 622 3501 magis
653 3431 810 3492 manum,
839 3409 868 3480 si
903 3409 1105 3503 porrigatur
1140 3409 1254 3481 alieno
1285 3409 1372 3494 viro,

308 3558 411 3627 quam
433 3535 462 3606 si
486 3535 684 3628 intingatur
706 3535 881 3629 fuligine:
904 3537 1043 3628 turpius
1065 3560 1142 3608 esse
1162 3536 1317 3629 conspici
1338 3536 1373 3605 iu

308 3659 450 3743 chorea,
480 3683 585 3754 quam
614 3661 649 3730 in
679 3659 820 3732 culina:
847 3660 965 3745 vilius,
993 3660 1135 3731 taxillus
1161 3667 1222 3732 aut
1239 3658 1374 3732 lusoria

307 3783 393 3856 folia
406 3785 491 3855 scite
508 3792 671 3867 tractare,
695 3805 800 3876 quam
815 3783 911 3854 cibos
928 3804 935 3854 :
961 3783 1075 3854 minus
1092 3785 1213 3854 docere
1228 3785 1371 3877 probam

308 3919 453 4003 gustare
467 3908 503 3979 in
519 3908 805 3979 commessatione
820 3915 938 4001 potum
959 3909 1003 3978 ab
1023 3907 1140 3980 alieno
1160 3908 1235 3979 viro
1259 3909 1377 3979 tradi-

307 4025 396 4115 tum,
418 4056 523 4126 quam
541 4032 831 4104 sorbitiunculam
858 4033 932 4102 viro
956 4055 1018 4104 suo
1038 4032 1244 4102 tradendam
1267 4033 1334 4125 (2).
1357 4061 1373 4096 »
1434 4129 1438 4138 1

358 4161 445 4238 Quae
491 4182 598 4253 quum
647 4162 691 4230 ad
737 4159 921 4230 colendum
968 4134 1169 4252 ingenium,
1213 4169 1287 4231 tum
1334 4161 1378 4230 ad

309 4286 499 4380 regendam
547 4286 690 4357 domum
741 4285 852 4356 suasit
903 4285 1035 4370 Vives,
1081 4309 1123 4356 ea
1169 4285 1377 4378 singulatim

341 4471 375 4537 (l)
391 4471 456 4522 Vir.
466 4473 508 4522 De
518 4473 593 4522 lust.
605 4475 684 4533 soem.
698 4470 807 4531 christ,
820 4471 850 4520 Τ.
867 4469 906 4519 ll.
920 4475 951 4520 h.
964 4469 984 4519 l.
996 4469 1024 4521 G.
1039 4469 1084 4520 Ill.
1095 4485 1120 4534 p.
1138 4470 1194 4520 653.

340 4561 374 4626 (2)
391 4563 432 4612 Id.
445 4562 528 4622 Ibid,
543 4562 573 4610 T.
586 4562 618 4611 ΙΙ.
637 4563 668 4612 L.
687 4561 710 4610 1.
723 4561 752 4613 G.
765 4561 808 4610 lll.
822 4575 848 4624 p.
861 4560 916 4610 653.
