3436 5404
724 1359 899 1430 CAPUT
930 1359 986 1429 lll

439 1772 546 1868 Quae
573 1771 730 1846 veteris
758 1769 991 1867 disciplinae
1018 1768 1200 1865 vestigia
1231 1768 1273 1840 in

358 1949 373 1983 «
393 1914 659 2018 Institutione
678 1916 867 1989 ioeminae
883 1912 1127 1989 christianae
1148 1943 1163 1977 »
1189 1920 1355 1985 exstent

702 2057 1008 2133 examinabitur

371 2373 487 2450 Quum
502 2390 571 2439 uon
587 2367 688 2439 modo
703 2368 873 2438 desideret
883 2367 1210 2438 commentariolum
1227 2369 1292 2439 hoc
1308 2393 1389 2442 nos-

321 2501 416 2564 trum
435 2492 674 2562 doctrinarum
689 2491 986 2562 enumerationem
1001 2514 1088 2584 quas
1104 2491 1211 2563 Vives
1225 2493 1389 2566 colendas

315 2637 396 2694 'esse
423 2621 617 2717 judicabat,
659 2643 781 2691 verum
812 2620 917 2690 etiam
958 2620 1317 2714 circumspectionem,
1356 2632 1390 2695 et
1471 2693 1473 2698 .

323 2755 524 2819 accuratam
562 2746 750 2838 quamdam
780 2745 1094 2816 considerationem
1126 2770 1252 2840 cogere
1281 2771 1389 2819 unum

324 2875 360 2943 in
393 2872 507 2944 locum
532 2878 566 2942 et
595 2871 630 2941 in
663 2871 821 2941 ordinem
853 2871 1013 2962 redigere
1037 2871 1153 2955 liceat,
1181 2874 1263 2967 quid
1297 2875 1390 2968 apud

323 3020 402 3069 eum
435 3006 604 3089 tanquam
626 2995 816 3066 notandum
848 3004 882 3066 et
910 2997 1260 3070 animadvertendum
1280 2999 1337 3069 sit.

373 3123 463 3194 Illud
488 3145 573 3215 ergo
595 3123 746 3214 primum
772 3122 853 3191 Vivi
883 3123 1202 3216 objurgaveriinuS‚
1225 3127 1317 3217 quod
1346 3127 1389 3196 ab

323 3248 389 3317 hac
413 3246 574 3340 populari
598 3246 849 3317 consuetudine
874 3247 1119 3318 abhorrentem
1146 3251 1390 3342 communique
1472 3280 1475 3287 ·

323 3393 388 3441 usu
416 3369 631 3439 recedentem
654 3368 822 3438 rationem
846 3369 1035 3439 ordinavit.
1065 3371 1205 3441 Etenim
1234 3373 1299 3443 hoc
1325 3374 1389 3443 sibi

322 3518 428 3589 quum
446 3494 682 3588 proposuisset
694 3502 731 3565 ut
744 3495 959 3576 Camarina,
973 3496 1224 3567 Britannorum
1239 3499 1387 3590 regina,

323 3621 608 3712 morigeraretur,
628 3620 849 3712 paucissimis
865 3643 962 3702 sane,
982 3621 1016 3690 id
1032 3628 1085 3691 est
1100 3623 1266 3693 divitibus
1286 3632 1390 3716 atque

324 3745 488 3836 ingenuis
503 3743 847 3836 puellis,'c0nsuluit.
866 3744 914 3815 At
933 3747 1025 3815 enim
1043 3747 1170 3839 optime
1190 3749 1386 3820 consuluit:

324 3871 370 3942 sit
391 3894 475 3942 sane
500 3871 570 3942 ita!
606 3871 672 3941 Sed
702 3901 716 3935 «
740 3871 823 3962 quid
848 3871 988 3941 interim
1013 3873 1074 3944 fiet
1092 3874 1255 3946 tenuibus
1275 3877 1352 3964 (lli
1371 3905 1386 3938 »

323 3997 419 4074 Quas
440 3997 512 4088 ipse
526 3996 679 4066 Mariam
695 3997 872 4067 Tudorem
888 3997 1056 4069 docuerat
1071 4008 1175 4083 arteS,
1205 4024 1265 4070 eas
1285 4002 1390 4071 etiam

324 4123 462 4192 coeteris
479 4121 604 4215 puellis
619 4122 785 4192 tenendas
797 4143 864 4190 non
881 4122 930 4192 ita
949 4123 1091 4215 quidem
1111 4133 1190 4217 apte
1205 4125 1391 4195 existima-

324 4250 386 4321 vit.
406 4249 488 4319 Inde
503 4248 618 4319 evenit
638 4256 676 4319 ut
700 4247 883 4341 vulgarem
912 4248 1011 4320 illam
1031 4250 1299 4337 institutionem,
1323 4274 1393 4344 qua
1508 4271 1511 4278 ·

325 4373 459 4468 pullata
482 4380 516 4444 et
539 4374 818 4444 circumforanea
850 4373 1047 4468 puellarum
1077 4376 1263 4447 multitudo
1295 4376 1393 4448 bonis

356 4571 389 4632 (1)
404 4571 515 4621 Erasm.
531 4570 636 4621 Clatst.
655 4572 785 4622 matrim.
800 4573 959 4632 Institutio,
977 4572 1010 4621 T.
1032 4573 1066 4622 V.
1086 4588 1117 4636 p.
1137 4572 1195 4622 5915.
