3436 5404
761 601 917 660 -ur-

304 788 391 857 quae-
422 762 592 832 doctrinis
637 763 687 831 ita
733 762 943 854 tingeretur,
988 770 1025 831 ut
1064 761 1314 834 inertissimum
1341 771 1376 832 et

303 889 617 960 desidiosissimum
629 888 738 958 otium
751 888 944 969 vitaretex
956 909 1024 979 quo
1035 887 1191 957 omnium
1204 884 1375 981 malorum

303 1016 430 1088 cohors
446 1014 694 1108 proficiscitur3
714 1037 792 1107 quae
807 1014 962 1097 domum,
986 1023 1023 1083 ut
1038 1012 1225 1110 amabilem
1235 1001 1375 1107 provin-

303 1142 407 1224 ciam,
440 1139 568 1211 coleret
592 1146 695 1231 atquc
723 1138 898 1231 diligeret,
922 1162 999 1231 quae
1024 1162 1093 1210 non
1114 1139 1228 1234 modo,
1257 1145 1296 1209 ut
1317 1139 1373 1248 fit,

303 1285 417 1356 nugas
436 1262 601 1346 effutiret‚
625 1270 662 1332 at
676 1263 833 1354 graviter
848 1285 911 1332 nec
928 1285 995 1333 non
1017 1263 1139 1334 festive
1154 1286 1231 1333 cum
1249 1264 1376 1332 marito

303 1389 518 1481 loqueretur,
543 1411 620 1480 quae
639 1389 716 1480 ejus
737 1387 846 1480 ipsius
867 1388 974 1458 vitam
988 1387 1185 1459 incredibili
1201 1388 1377 1480 voluptate

304 1515 455 1607 quadam
471 1523 687 1608 aspergeret,
706 1537 784 1605 quae
794 1514 942 1606 denique
955 1515 1113 1607 proprios
1125 1514 1253 1586 liberos
1263 1515 1378 1608 prima

305 1641 501 1710 rudimenta
521 1641 645 1709 docere
661 1646 789 1730 posset.
809 1639 924 1716 Quare
949 1638 1074 1710 litteris
1094 1663 1156 1711 nec
1180 1641 1231 1711 eis
1252 1639 1376 1731 vulga-

307 1767 417 1851 ribus,
455 1766 513 1837 sed
542 1766 763 1836 interioribus
792 1789 832 1835 ac
859 1766 1048 1836 reconditis
1082 1767 1303 1839 imbuebatur
1335 1790 1377 1838 ea

307 1893 432 1964 mulier
450 1894 550 1986 cujus
566 1893 714 1986 speciem
735 1895 770 1962 in
786 1902 901 1963 mente
915 1916 1115 1986 expressam
1131 1893 1192 1963 illo
1211 1909 1299 1987 comp
1315 1918 1376 1963 re-

306 2017 487 2088 henderat.
506 2018 586 2088 lam
603 2041 670 2087 non
686 2041 722 2088 se
738 2019 914 2090 nutriebat
928 2019 971 2088 iis
986 2019 1182 2110 nugatoriis
1197 2020 1372 2111 operibus

307 2145 432 2238 quibus
455 2143 524 2216 mel
549 2168 682 2217 veneno
707 2146 887 2232 miscetur,
917 2153 951 2216 et
975 2146 1066 2216 unde
1091 2146 1264 2218 nescimus
1291 2145 1375 2238 quid

306 2274 417 2343 oritur
436 2303 451 2337 α
466 2274 557 2364 quod
568 2275 657 2366 jacit
675 2273 827 2365 undique
837 2274 954 2367 ignom
966 2274 1199 2345 ardentiorem
1210 2280 1245 2344 et
1259 2273 1376 2366 magis

306 2399 466 2469 foetidum
482 2421 585 2491 quam
610 2400 655 2469 sit
679 2399 772 2491 ignis
791 2423 931 2493 graecus
950 2407 984 2470 et
1006 2399 1233 2494 sulphurem,
1255 2400 1373 2492 ignem

306 2521 565 2595 luxuriosorum
601 2525 783 2594 verborum
823 2525 1010 2596 admodum
1048 2525 1307 2596 immundorum
1341 2531 1375 2594 et

307 2649 561 2742 prohibitorum
579 2647 629 2744 (l)
648 2672 689 2737 »3
708 2649 768 2720 sed
784 2648 973 2742 pleniorem
995 2650 1155 2735 Cartesii,
1185 2650 1372 2732 Bossuetii‚

308 2773 503 2856 Paschalis,
536 2773 700 2857 Cornelii,
724 2773 1040 2868 nonnullorumque
1060 2775 1209 2846 aliorum
1233 2799 1376 2848 succum

307 2899 776 2991 tantummodopascebatur.
792 2898 1057 2993 Philosophiam
1069 2908 1242 2994 praeterea
1253 2922 1377 2992 aggre-
1439 2889 1443 2897 ¹

308 3022 480 3105 diebatur‚
500 3044 567 3092 non
588 3022 637 3092 ita
654 3030 770 3094 tamen
789 3034 825 3096 ut
850 3025 926 3117 ejus
952 3025 1121 3119 mysteria
1146 3030 1375 3107 scrutaretur,

290 3146 368 3217 ‘sed
400 3147 583 3232 delibaret,
616 3171 679 3218 nec
707 3149 889 3240 ingenium
919 3149 955 3218 in
982 3149 1200 3220 conterendis
1230 3149 1381 3240 argutiis

310 3273 591 3364 depravaret.Ad
601 3273 678 3342 baec
687 3274 960 3345 addebatrerum
970 3281 1151 3366 gestarum
1160 3274 1378 3359 memoriam,

311 3398 464 3468 maxime
492 3398 536 3467 ad
560 3406 652 3468 recte
675 3398 894 3469 sentiendum
921 3399 1095 3483 idoneam,
1117 3399 1272 3493 aliquam
1288 3400 1383 3493 juris

310 3523 559 3614 cognitionem,
587 3529 622 3593 et
659 3531 739 3594 ante
779 3525 897 3594 omnia
922 3523 991 3595 alia
1025 3527 1165 3596 tenebat
1201 3526 1384 3620 religionis

312 3647 509 3729 scientiam,
545 3670 624 3738 quae
649 3646 836 3738 cujuslibet
861 3649 1091 3720 institutionis
1115 3650 1384 3721 ‘fundamentum
1428 3699 1431 3706 «

311 3771 550 3843 existimanda
565 3778 628 3840 est.

361 3894 451 3972 Quid
465 3894 507 3962 ab
523 3894 609 3986 ipsis
637 3894 808 3966 doctrinis
836 3897 988 3968 breviter
1015 3899 1105 3969 inter
1124 3923 1160 3970 se
1179 3901 1389 3993 comparatis

312 4016 515 4110 colligatur,
531 4019 750 4111 apertissime
766 4030 923 4113 apparet.
938 4022 959 4090 J
962 4046 1019 4092 am
1030 4032 1156 4094 cuncta
1168 4025 1216 4095 ita
1225 4025 1261 4096 in
1271 4026 1389 4095 animo

314 4143 589 4236 comprehendit,
603 4143 653 4213 ita
664 4146 870 4238 composuit,
884 4147 933 4216 ita
947 4152 1210 4241 coagmentavit
1221 4151 1344 4234 Vives,
1356 4173 1395 4235 ut

345 4370 378 4433 (l)
402 4371 429 4420 J,
458 4371 596 4420 Gersonii.
623 4372 717 4421 Trcct.
743 4381 846 4424 contra
872 4376 1063 4426 Romantr'um
1094 4381 1129 4427 cte
1158 4381 1245 4435 Horu,
1280 4381 1312 4430 T.
1344 4382 1395 4433 IV.

316 4459 376 4510 Col.
389 4458 446 4508 935.
