3436 5404
810 623 967 684 -at-

359 785 488 868 colere,
510 807 641 872 amare,
655 807 782 856 ornare
801 815 817 851 n
836 808 971 879 puppas
990 815 1022 869 u,
1037 795 1074 857 ut
1090 787 1163 857 lieri
1179 785 1280 871 solet,
1303 817 1318 851 n
1337 787 1425 858 ima·

359 912 477 1005 ginem
502 911 688 1002 quamdam
717 909 890 981 idolatriae
921 937 938 980 a
969 918 1003 981 et
1028 935 1106 1005 quae
1137 943 1152 976 «
1193 919 1350 1005 comptus
1385 936 1427 984 ac

359 1047 503 1108 ornatus
533 1037 758 1131 cupiditatem
782 1037 905 1109 docent
933 1047 1134 1131 augentque
1154 1069 1186 1123 u,
1207 1041 1428 1133 maximeque

358 1163 625 1234 commendabat
643 1193 658 1228 ι(
687 1172 805 1234 scruta
831 1161 906 1248 illa,
929 1163 1006 1256 quis
1027 1165 1217 1236 simulacra
1241 1166 1348 1237 totius
1368 1166 1428 1236 do-

360 1288 512 1358 mesticae
558 1287 809 1382 suppellectilis
849 1288 886 1358 in
927 1296 1051 1360 stanno
1080 1299 1141 1361 aut
1168 1289 1310 1384 plumbo
1349 1297 1429 1362 suut

363 1435 530 1516 expressa
549 1415 658 1506 (l).»
818 1500 820 1504 Ι

410 1539 552 1617 Quanta
571 1538 617 1609 sit
635 1537 743 1632 hujus
762 1538 1035 1631 haudquaquam
1050 1540 1280 1632 aspernandae
1299 1540 1430 1612 domes

361 1662 441 1732 ticae
457 1662 611 1733 scientiae
622 1661 770 1746 utilitas,
786 1663 951 1733 facillime
962 1661 1184 1755 intelligitur.
1197 1662 1322 1734 Puella
1338 1663 1429 1734 enim

363 1787 400 1857 in
418 1810 525 1858 manu
541 1788 633 1879 quod
650 1788 1034 1880 agatscmperhabebit,
1051 1811 1111 1858 seu
1126 1788 1354 1894 incubiculis,
1370 1811 1431 1860 seu

363 1912 400 1983 in
421 1913 611 1984 coenaculis
628 1919 690 2013 aut
714 1913 789 2006 ipsa
811 1913 985 2005 componit
1009 1937 1086 2005 quae
1110 1921 1257 2006 oportet,
1279 1920 1341 1986 aut
1353 1913 1433 1986 aliis

363 2039 447 2130 quid
459 2039 656 2111 faciendum
671 2038 932 2132 sitpraescribit.
948 2039 1075 2110 Postea
1091 2062 1184 2124 vero,
1203 2062 1310 2132 quum
1325 2045 1433 2132 nupta

367 2167 446 2252 erit,
467 2190 534 2238 non
552 2169 585 2237 in
603 2169 726 2238 domus
752 2197 766 2231 α
785 2165 917 2258 angulo
935 2194 951 2229 »
969 2166 1121 2258 quodam
1135 2167 1267 2237 sedebit
1280 2164 1434 2238 molliter

361 2300 396 2363 et
422 2291 543 2377 otiose,
573 2293 631 2364 sed
656 2292 789 2385 aliquid
805 2292 988 2378 nectend0,
1007 2291 1151 2373 suend0,
1168 2291 1330 2375 texendo,
1347 2298 1434 2362 tem·
1456 2341 1458 2346 ι

371 2442 436 2512 pus
457 2420 714 2513 jucundissime
738 2426 929 2489 consumet.
949 2419 1143 2488 Curabitut
1159 2417 1325 2509 quidquid
1340 2418 1433 2488 domi

367 2552 421 2615 est
432 2545 508 2639 jam
524 2543 560 2612 in
582 2566 645 2614 suo
664 2544 789 2635 cuique
804 2544 892 2626 loc0,
910 2543 943 2612 id
960 2551 1011 2613 est
1027 2543 1062 2612 in
1077 2541 1256 2626 thalamis,
1274 2542 1310 2612 in
1325 2542 1430 2626 arciS,

367 2671 405 2740 in
427 2668 604 2740 vestiariis
620 2669 740 2738 ordine
770 2674 937 2760 ponatur3
962 2690 1042 2738 uam
1056 2668 1112 2738 his
1134 2668 1235 2738 rebus
1250 2667 1300 2737 ita
1315 2667 1432 2738 distri-

370 2795 475 2877 butis
494 2794 576 2885 quid
596 2793 698 2874 desit,
717 2793 798 2884 quid
817 2792 1022 2884 superfluat,
1042 2792 1123 2884 quid
1135 2793 1334 2875 emendum,
1352 2792 1433 2885 quid

370 2919 603 3001 vendendum,
636 2917 718 3010 quid
753 2917 900 3009 denique
931 2917 1166 2999 sarciendam,
1200 2928 1370 3010 tanquam
1397 2917 1432 2988 in

367 3043 488 3115 oculos
514 3066 650 3136 semper
677 3048 848 3114 occurret.
877 3041 968 3120 Quid
988 3041 1126 3114 multat
1141 3041 1266 3112 Aderit
1280 3040 1431 3125 aucillis

365 3190 478 3260 neque
505 3168 534 3238 si
563 3191 623 3238 eas
647 3190 808 3259 coquere,
835 3175 965 3251 texere,
988 3190 1102 3251 suere,
1126 3189 1265 3238 verrere
1274 3166 1431 3259 jusserit,

370 3298 484 3391 inepte
511 3296 710 3390 trepidabit,
745 3304 782 3366 ut
807 3296 998 3388 saepissime
1035 3295 1087 3380 fit,
1122 3296 1302 3379 aestuabit,
1332 3296 1435 3367 sesti·

366 3421 543 3511 nabittss).

417 3547 472 3617 Ne
500 3545 606 3616 aliam
632 3546 769 3638 quidem
793 3546 939 3616 maximi
964 3545 1129 3616 momenti
1155 3567 1227 3616 rem
1242 3543 1373 3625 omisit,
1393 3543 1437 3614 de

371 3696 440 3765 qua
457 3695 570 3754 nemo,
590 3671 644 3742 vel
660 3671 689 3742 si
706 3671 938 3742 remotissima
953 3677 1098 3765 nepetae,
1116 3678 1155 3742 ut
1168 3670 1268 3742 nobis
1284 3669 1433 3752 videtur,

371 3805 474 3868 antea
503 3797 730 3879 disseruerat,
757 3797 792 3865 id
820 3803 872 3866 est
899 3829 915 3862 «
938 3795 1148 3867 culinariam
1165 3823 1198 3866 u.
1221 3795 1300 3864 Jam
1316 3793 1437 3886 quanti

370 3946 447 3993 eam
482 3923 602 3993 fecerit
637 3930 819 3993 «artem»
853 3946 931 4015 quae
959 3922 1047 3991 sorte
1076 3920 1252 3991 nonnullis
1281 3919 1439 4011 vulgaris

369 4071 443 4120 esse
463 4054 497 4118 et
513 4047 593 4117 vilis
610 4047 795 4133 videbitur,
821 4071 863 4118 ex
878 4047 974 4118 hisce
990 4048 1103 4118 verbis
1116 4047 1338 4140 perspicuum
1357 4051 1409 4115 est
1429 4066 1436 4115 :

425 4205 441 4238 «
471 4175 590 4245 Disoet
606 4173 649 4242 ad
665 4174 740 4243 haec
762 4173 984 4257 culinariam,
1003 4195 1072 4244 non
1088 4173 1185 4241 illam
1207 4170 1438 4264 popinarinm,

377 4300 571 4382 sordidam,
613 4299 876 4369 immodicorum
903 4300 1073 4383 ciborum,
1112 4307 1146 4368 et
1176 4320 1254 4390 quae
1283 4295 1441 4390 pluribus

406 4487 441 4548 (l)
462 4485 524 4534 Vlt'.
542 4486 581 4534 Ire
595 4486 672 4540 lust.
688 4487 768 4544 sb'rrt.
786 4487 895 4544 cltr‘iut.,
908 4486 937 4535 T.
951 4487 984 4536 ll.
1004 4486 1037 4534 L.
1058 4485 1080 4534 I.
1094 4485 1123 4535 C.
1136 4484 1170 4534 ΙΙ.
1187 4498 1213 4549 p.
1231 4483 1289 4534 651.

406 4584 440 4647 (2)
452 4582 490 4630 ld.
504 4583 588 4640 loia,
603 4583 633 4630 T.
649 4582 686 4630 ll.
699 4581 731 4630 L.
744 4581 763 4630 l.
782 4576 980 4640 G.1x.p.729.
