3436 5404
803 585 962 680 44,-

351 750 451 844 cujus
477 750 589 842 prima
622 749 740 821 oscula
777 751 923 842 accepit,
960 751 1061 844 cujus
1089 751 1241 845 denique
1266 754 1417 826 infracta

353 898 531 947 murmura
549 874 813 967 officiorumque
832 874 1093 968 implorationes
1114 879 1269 971 captavit
1290 879 1366 972 (lull

400 1002 488 1079 Quae
509 1002 544 1070 in
574 1001 667 1072 hune
686 1001 828 1071 modum
858 1009 1020 1071 accurate
1040 1002 1207 1074 disseruit
1227 1005 1348 1089 Vives,
1380 1029 1416 1076 se

352 1149 418 1196 non
435 1125 609 1197 invenisse
621 1127 739 1196 omnia
753 1134 788 1195 et
798 1124 1004 1197 nonnullisa
1017 1127 1246 1221 scriptoribus
1257 1131 1416 1221 quaedam

352 1243 540 1336 sumpsisse
556 1242 783 1314 libentissime
803 1243 998 1318 confitetur.
1028 1245 1188 1336 Namque
1201 1268 1309 1337 quum
1331 1246 1417 1317 mul-

353 1368 406 1429 tos
440 1358 542 1442 alios,
586 1368 661 1430 tum
695 1381 776 1428 vero
809 1357 1053 1441 Plutarchum,
1099 1360 1230 1431 Aulum
1265 1361 1418 1433 Gellium

354 1484 646 1578 Philelphumque
684 1486 862 1578 potissime
894 1495 1032 1557 secutus
1072 1495 1135 1574 est,
1175 1489 1234 1580 qui
1269 1488 1419 1560 infantes

354 1610 397 1681 ab
431 1611 506 1702 ipsa
535 1616 646 1679 matre
665 1608 712 1684 ali
743 1610 819 1703 jam
850 1617 954 1680 antea
979 1610 1172 1703 jusserant,
1210 1611 1420 1704 egregieque

354 1737 687 1821 animadverterant,
702 1738 793 1807 mira
809 1744 944 1807 naturae
960 1737 1113 1822 solertia,
1133 1739 1293 1832 geminas
1308 1762 1418 1808 mam·

354 1876 430 1924 mas
460 1852 599 1924 mulieri
632 1852 721 1935 dari,
759 1859 810 1935 ut,
843 1855 872 1922 si
910 1854 1070 1946 geminos
1098 1856 1203 1925 etiam
1224 1877 1292 1924 uno
1317 1862 1419 1947 partu

354 1986 503 2071 pareret,
522 1986 640 2064 tamen
671 1977 740 2049 illis
762 2002 828 2049 non
858 1979 1018 2066 deessent
1043 2002 1144 2071 pares
1177 1978 1279 2051 lactis
1308 1981 1420 2050 fontes

353 2096 478 2187 quibus
491 2095 578 2166 satis
598 2095 736 2167 abunde
751 2096 939 2166 sustentari
956 2103 1107 2187 possent.

402 2220 500 2298 Quod
512 2221 540 2291 si
562 2221 703 2292 morbus
722 2220 850 2313 aliquis
866 2228 927 2290 aut
942 2243 1042 2312 aegra
1063 2220 1224 2292 valetudo
1244 2222 1418 2292 obstiterit

353 2343 538 2434 quominus
560 2343 593 2411 id
615 2342 743 2413 efficiat
762 2350 885 2428 mater,
904 2343 970 2412 hoc
1000 2341 1123 2413 saltem
1144 2367 1281 2415 summo
1302 2345 1419 2415 studio

353 2469 546 2540 curandum
566 2469 632 2538 erit
647 2475 685 2537 ut
701 2467 832 2560 optima
850 2467 1028 2560 deligatur
1048 2469 1180 2552 nutris,
1200 2492 1279 2561 quae
1295 2477 1329 2538 et
1349 2492 1419 2539 mo·

354 2586 450 2656 ribus
465 2592 563 2655 casta
577 2593 611 2653 et
630 2583 773 2675 ingenio
789 2584 973 2676 providens
993 2585 1048 2665 sit,
1073 2607 1115 2654 ne
1126 2591 1222 2655 tener
1238 2586 1342 2656 foetus
1359 2594 1420 2656 aut

354 2711 482 2781 malam
500 2709 746 2791 valetudinem,
765 2715 826 2779 aut
841 2710 975 2801 ingenii
991 2710 1223 2803 corruptelam
1240 2734 1317 2780 oum
1331 2712 1420 2782 lacte

354 2836 460 2908 simul
476 2836 632 2906 imbibat.
648 2836 788 2906 Etenim
800 2837 936 2928 magni,
956 2836 1166 2920 mehercule,
1186 2838 1328 2908 interest
1343 2860 1421 2929 quae

354 2970 389 3033 et
410 2961 523 3056 qualis
556 2961 601 3031 sit
635 2985 676 3030 ea
705 2960 842 3046 mulier,
874 2985 952 3053 quae
985 2969 1119 3033 tantum
1150 2963 1242 3055 apud
1267 2972 1420 3033 teneram

356 3088 544 3158 infantium
578 3094 717 3157 ⁸‹etatem
738 3087 844 3170 valet,
868 3087 951 3178 quia
970 3086 1085 3179 puella
1104 3110 1183 3158 cum
1203 3111 1245 3158 ea
1269 3089 1422 3180 quotidie

356 3213 449 3284 domi
465 3213 581 3283 vivore
595 3213 706 3282 debet.
722 3213 893 3283 Caeterum
907 3213 984 3305 quis
1000 3214 1111 3284 nescit
1127 3216 1173 3284 ita
1190 3221 1315 3285 natura
1331 3237 1423 3284 com-

357 3345 532 3432 paratum,
564 3337 666 3408 citius
695 3336 822 3406 laedere
859 3336 950 3407 mala
984 3361 1088 3430 quam
1118 3339 1279 3432 prodesse
1316 3339 1420 3420 bona,

357 3478 421 3526 nos
453 3477 529 3525 esse
551 3454 793 3524 tenacissimos
821 3476 939 3523 earum
976 3477 1092 3524 rerum
1122 3478 1198 3546 quuv
1227 3455 1262 3524 in
1303 3454 1424 3547 primis

358 3579 597 3674 percipiuntur
620 3579 734 3662 annis,
766 3602 806 3649 ea
834 3579 948 3672 magis
975 3579 1009 3648 in
1042 3580 1158 3650 animo
1187 3580 1318 3649 luerere
1346 3603 1423 3670 quae

358 3697 531 3767 deteriora
546 3718 650 3788 quam
665 3719 744 3786 qum
761 3696 906 3765 meliora
921 3705 1014 3778 sunt,
1037 3703 1071 3766 ct
1087 3720 1196 3788 usque
1215 3696 1249 3765 in
1266 3695 1422 3776 adultam

358 3831 497 3894 aetatem
517 3844 661 3893 manare
682 3823 766 3891 vitia
782 3824 824 3891 ab
846 3823 930 3914 ipsis
953 3825 1032 3892 viba
1050 3822 1248 3915 crepundiis
1268 3821 1423 3893 hausta?

408 3949 524 4026 Quare
542 3955 703 4030 matrem,
739 3959 816 4039 post
836 3947 1016 4017 Platonem
1051 3955 1154 4038 atque
1177 3946 1420 4029 Plutarchum,

352 4075 454 4169 jubet
473 4083 507 4145 et
536 4075 610 4168 ipse
642 4073 749 4143 Vives
778 4063 966 4166 diligenter
985 4096 1107 4143 (vovere
1128 4096 1170 4142 ne
1200 4072 1358 4165 garrula,
1383 4095 1423 4154 ne

358 4200 497 4282 vitiosa,
517 4222 559 4270 ne
578 4198 711 4280 lasciva
727 4199 772 4267 sit
794 4198 910 4267 nutrix
927 4222 935 4286 3
955 4220 1103 4289 namque
1124 4207 1162 4267 ut
1181 4197 1316 4288 corpori
1347 4219 1423 4298 pruj

357 4325 444 4409 dest,
462 4325 498 4394 id
521 4325 611 4417 quod
640 4324 675 4393 in
703 4325 885 4416 proverbio
907 4334 970 4406 est,
994 4324 1092 4394 cibus
1109 4323 1167 4393 illo
1192 4326 1249 4416 qui
1272 4325 1424 4414 quotidie

387 4526 419 4586 (l)
436 4525 500 4574 Viv.
521 4527 649 4574 verast.
667 4528 744 4585 smus.
765 4525 878 4578 christ..
898 4526 932 4573 Τ.
953 4526 989 4574 ll.
1009 4526 1039 4572 ll·
1062 4525 1134 4572 1.st
1155 4527 1175 4570 l.
1198 4539 1226 4587 p.
1242 4526 1297 4574 tth.
1335 4537 1338 4546 '
