3436 5404
710 512 715 522 ⁶
787 559 943 617 -64-

334 726 486 797 habitus
511 754 527 789 »
545 725 583 794 ‚Is
598 732 727 806 tamon,
746 744 853 813 quum
879 751 894 785 α
918 719 1137 792 illitteratum
1164 745 1282 813 regem
1300 752 1316 786 a
1349 722 1398 792 nil

331 850 427 922 aliud
453 871 557 942 quam
588 853 827 917 «coronatum
847 845 985 916 asinum
1009 874 1024 909 »
1052 845 1204 930 duceret,
1236 847 1399 939 quoniam

332 976 423 1047 nihil
442 982 493 1046 est
516 1005 531 1040 «
549 973 696 1044 interra
712 971 911 1065 pretiosius,
928 970 1017 1040 nihil
1032 972 1257 1064 praestantius
1273 971 1400 1045 illumi-

333 1108 415 1172 nato
429 1098 607 1171 intellectu
630 1126 662 1185 u,
686 1119 824 1192 pueros
847 1103 909 1166 aut
923 1097 1037 1189 potius
1058 1119 1181 1188 regum
1198 1119 1323 1190 pueros
1339 1098 1401 1168 in-

334 1229 486 1298 formare
513 1225 550 1295 in
575 1224 692 1294 animo
721 1223 962 1293 tantummodo
987 1222 1124 1293 habuit.
1148 1224 1263 1303 Quare
1291 1255 1307 1290 «
1322 1247 1400 1317 quae

333 1351 446 1445 Regis
462 1350 575 1444 pueri,
593 1372 673 1443 quae
680 1346 1015 1442 juvenisquaeviri,
1027 1369 1176 1441 quaeque
1186 1349 1402 1442 senispartes

334 1482 450 1547 essent
460 1473 515 1566 (1)
528 1471 568 1556 a,
599 1473 750 1543 dilucide
766 1480 800 1542 et
814 1472 996 1566 perspicue
1011 1474 1198 1567 expedivit.
1221 1475 1403 1546 Postremo

335 1599 422 1670 illud
435 1598 647 1670 tantumsibi
663 1597 843 1691 proposuit
855 1597 1129 1689 Machiavelffl),
1148 1606 1186 1671 ut
1205 1600 1401 1694 Principem

336 1725 501 1798 videlicet
515 1725 727 1809 institueret,
749 1726 831 1818 quia
847 1725 1021 1797 neminem
1040 1727 1263 1799 existimabat
1288 1728 1329 1798 de
1354 1752 1404 1800 re·

336 1847 866 1943 publicameliusmereriposse,
882 1848 1053 1941 quamqui
1065 1849 1239 1942 Principis
1249 1851 1402 1922 animum

336 1973 477 2067 optimis
503 1996 544 2043 ac
568 1973 725 2066 principe
747 1973 865 2066 dignis
886 1972 1093 2057 rationibus
1124 1982 1161 2045 ut
1185 1975 1312 2059 aiebat,
1330 1976 1403 2045 im-

335 2099 460 2170 buerit.

385 2224 612 2317 Quocumque
631 2223 744 2315 igitur
768 2230 801 2293 te
825 2223 944 2292 animo
963 2231 997 2294 et
1020 2224 1233 2316 cogitatione
1252 2247 1404 2296 conver-

335 2349 433 2434 teris
456 2348 585 2421 multos
610 2371 694 2419 sane
715 2355 795 2418 ante
812 2347 938 2419 Vivam
960 2348 1027 2419 hoc
1053 2350 1251 2444 scriptionis
1276 2373 1405 2443 genere

336 2475 497 2546 floruisse
517 2474 674 2564 videbis3
707 2473 880 2544 neminem
911 2479 1027 2544 autem
1067 2474 1175 2554 tuisse
1204 2498 1246 2546 ne
1276 2475 1406 2546 medio-

338 2599 443 2670 criter
458 2599 597 2692 quidem
619 2598 801 2688 disertum,
827 2621 936 2690 quum
955 2622 1065 2692 usque
1085 2623 1107 2670 a
1131 2600 1255 2670 Carolo
1274 2601 1407 2693 Magno

337 2732 524 2818 repeteres
549 2724 620 2816 qui,
648 2724 747 2816 quasi
776 2723 894 2794 dedita
921 2747 1040 2817 opera,
1067 2724 1274 2817 exquisitius
1302 2749 1406 2818 quam

338 2848 468 2941 vulgus
489 2848 670 2919 homiuum
689 2847 886 2942 puellarum
902 2849 1112 2921 institutioni
1128 2850 1311 2935 studuerit,
1330 2853 1406 2922 ani-

338 2974 547 3044 madvertes.
573 2975 694 3067 ltaque
710 2996 778 3044 non
799 2972 968 3044 habemus
984 2997 1193 3068 quemquam
1214 2974 1302 3046 Vive
1318 2978 1406 3047 anti-

338 3100 493 3192 quiorem
509 3100 610 3193 cujus
624 3099 763 3192 quidem
789 3099 918 3191 scripta
942 3099 1151 3191 proferenda
1177 3107 1351 3194 putemus
1373 3110 1407 3173 et

261 3251 264 3258 ¹
336 3226 428 3295 hanc
441 3248 547 3319 quum
562 3227 639 3319 jam
659 3225 787 3295 habeat
815 3225 1032 3318 praecipuam
1053 3225 1206 3310 laudem,
1225 3249 1293 3296 non
1314 3227 1408 3298 vide·

338 3362 416 3420 mus
431 3347 488 3418 cui
504 3349 625 3419 cedere
640 3348 775 3419 debeat.

387 3471 478 3552 Quin
499 3473 569 3542 imo
594 3474 675 3567 jure
704 3472 853 3556 mireris
877 3496 981 3565 quum
1010 3475 1208 3546 Institutio
1232 3478 1407 3565 foeminae

338 3599 566 3670 christianae
580 3598 753 3682 ederetur,
771 3598 837 3666 hoc
856 3604 909 3668 est
923 3620 1030 3690 quum
1041 3599 1161 3678 nubes,
1174 3608 1250 3692 post
1262 3600 1406 3694 longam

340 3730 489 3806 noctem,
512 3723 699 3815 fugaverat
714 3722 981 3815 recedentesque
1000 3724 1161 3794 tenebras
1174 3725 1407 3818 dissipaverat

339 3847 402 3918 illa
422 3848 677 3919 renascentium
698 3847 893 3919 studiorum
914 3871 1053 3923 aurora.
1083 3851 1256 3921 neminem
1281 3874 1402 3944 usque,

339 3973 375 4044 in
399 3980 497 4045 tanta
523 3973 745 4066 ingeniorum
766 3973 935 4044 varietate
962 3981 995 4045 et
1025 3975 1136 4067 copia,
1155 3975 1246 4045 hanc
1270 3975 1312 4046 de
1338 3999 1406 4069 qua

339 4098 538 4192 disputatur
570 4120 642 4167 rem
676 4097 848 4189 attigisse.
877 4098 1043 4169 Attamen
1078 4101 1126 4170 ita
1159 4122 1213 4171 res
1254 4107 1317 4170 est.
1350 4099 1407 4169 Sic

371 4325 403 4387 (1)
421 4324 487 4372 AEn·.
509 4323 580 4373 Silv.
604 4321 810 4372 Picoolominei.
838 4322 963 4382 Basileae,
996 4322 1069 4372 1551.

399 4414 440 4462 De
459 4413 614 4462 liberorum
637 4413 818 4462 educatione.

370 4502 403 4566 (2)
419 4502 582 4552 Machiavel.
595 4503 622 4552 ll
636 4502 785 4564 Principe.
