<?xml version="1.0" encoding="UTF-8"?>
<!DOCTYPE html PUBLIC "-//W3C//DTD XHTML 1.0 Transitional//EN"
    "http://www.w3.org/TR/xhtml1/DTD/xhtml1-transitional.dtd">
<html xmlns="http://www.w3.org/1999/xhtml" xml:lang="en" lang="en">
 <head>
  <title>
</title>
<meta http-equiv="Content-Type" content="text/html;charset=utf-8" />
  <meta name='ocr-system' content='tesseract 3.04.00' />
  <meta name='ocr-capabilities' content='ocr_page ocr_carea ocr_par ocr_line ocrx_word'/>
</head>
<body>
  <div class='ocr_page' id='page_1' title='image "./quiddepuellisin00thibgoog_0078.png"; bbox 0 0 3436 5404; ppageno 0'>
   <div class='ocr_carea' id='block_1_1' title="bbox 755 581 915 644">
    <p class='ocr_par' dir='ltr' id='par_1_1' title="bbox 755 581 915 644">
     <span class='ocr_line' id='line_1_1' title="bbox 755 581 915 644; baseline 0 -18"><span class='ocrx_word' id='word_1_1' title='bbox 755 581 915 644; x_wconf 74' lang='grc'>..69-</span> 
     </span>
    </p>
   </div>
   <div class='ocr_carea' id='block_1_2' title="bbox 298 745 1377 4354">
    <p class='ocr_par' dir='ltr' id='par_1_2' title="bbox 298 745 1374 2972">
     <span class='ocr_line' id='line_1_2' title="bbox 298 745 1364 840; baseline 0.002 -23"><span class='ocrx_word' id='word_1_2' title='bbox 298 747 504 840; x_wconf 71' lang='lat' dir='ltr'>quaepiam,</span> <span class='ocrx_word' id='word_1_3' title='bbox 528 745 661 832; x_wconf 91' lang='lat' dir='ltr'>utilem,</span> <span class='ocrx_word' id='word_1_4' title='bbox 685 768 837 816; x_wconf 88' lang='lat' dir='ltr'>necnon</span> <span class='ocrx_word' id='word_1_5' title='bbox 852 746 1047 838; x_wconf 85' lang='lat' dir='ltr'>jucundam</span> <span class='ocrx_word' id='word_1_6' title='bbox 1076 746 1307 840; x_wconf 82' lang='lat' dir='ltr'>festivamque</span> <span class='ocrx_word' id='word_1_7' title='bbox 1328 770 1364 819; x_wconf 88' lang='lat' dir='ltr'>se</span> 
     </span>
     <span class='ocr_line' id='line_1_3' title="bbox 300 870 1361 966; baseline -0.002 -20"><span class='ocrx_word' id='word_1_8' title='bbox 300 879 492 966; x_wconf 78' lang='lat' dir='ltr'>praestaret,</span> <span class='ocrx_word' id='word_1_9' title='bbox 530 871 671 958; x_wconf 90' lang='lat' dir='ltr'>minime</span> <span class='ocrx_word' id='word_1_10' title='bbox 699 894 834 942; x_wconf 71' lang='lat' dir='ltr'>cruere.</span> <span class='ocrx_word' id='word_1_11' title='bbox 870 871 917 941; x_wconf 84' lang='lat' dir='ltr'>Ar</span> <span class='ocrx_word' id='word_1_12' title='bbox 945 870 1033 942; x_wconf 86' lang='lat' dir='ltr'>illud</span> <span class='ocrx_word' id='word_1_13' title='bbox 1067 871 1243 943; x_wconf 82' lang='lat' dir='ltr'>crudelius</span> <span class='ocrx_word' id='word_1_14' title='bbox 1272 883 1361 955; x_wconf 87' lang='lat' dir='ltr'>erat,</span> 
     </span>
     <span class='ocr_line' id='line_1_4' title="bbox 298 996 1374 1114; baseline 0.002 -48"><span class='ocrx_word' id='word_1_15' title='bbox 298 1019 405 1090; x_wconf 91' lang='lat' dir='ltr'>quum</span> <span class='ocrx_word' id='word_1_16' title='bbox 445 996 543 1067; x_wconf 92' lang='lat' dir='ltr'>nulla</span> <span class='ocrx_word' id='word_1_17' title='bbox 577 1010 670 1066; x_wconf 87' lang='lat' dir='ltr'>terra</span> <span class='ocrx_word' id='word_1_18' title='bbox 700 996 735 1066; x_wconf 88' lang='lat' dir='ltr'>id</span> <span class='ocrx_word' id='word_1_19' title='bbox 762 997 854 1090; x_wconf 83' lang='lat' dir='ltr'>quod</span> <span class='ocrx_word' id='word_1_20' title='bbox 881 996 999 1089; x_wconf 79' lang='lat' dir='ltr'>gignit</span> <span class='ocrx_word' id='word_1_21' title='bbox 1029 1017 1096 1066; x_wconf 92' lang='lat' dir='ltr'>non</span> <span class='ocrx_word' id='word_1_22' title='bbox 1137 996 1284 1076; x_wconf 84' lang='lat' dir='ltr'>nutrire,</span> <span class='ocrx_word' id='word_1_23' title='bbox 1312 1021 1374 1114; x_wconf 71' lang='lat' dir='ltr'>nep</span> 
     </span>
     <span class='ocr_line' id='line_1_5' title="bbox 301 1119 1369 1214; baseline 0.003 -22"><span class='ocrx_word' id='word_1_24' title='bbox 301 1120 411 1193; x_wconf 92' lang='lat' dir='ltr'>ullum</span> <span class='ocrx_word' id='word_1_25' title='bbox 429 1121 620 1194; x_wconf 86' lang='lat' dir='ltr'>animantis</span> <span class='ocrx_word' id='word_1_26' title='bbox 640 1143 752 1214; x_wconf 85' lang='lat' dir='ltr'>genus</span> <span class='ocrx_word' id='word_1_27' title='bbox 771 1144 851 1192; x_wconf 75' lang='lat' dir='ltr'>suos</span> <span class='ocrx_word' id='word_1_28' title='bbox 874 1121 976 1192; x_wconf 83' lang='lat' dir='ltr'>foetus</span> <span class='ocrx_word' id='word_1_29' title='bbox 993 1142 1061 1191; x_wconf 94' lang='lat' dir='ltr'>non</span> <span class='ocrx_word' id='word_1_30' title='bbox 1082 1119 1191 1207; x_wconf 89' lang='lat' dir='ltr'>alere,</span> <span class='ocrx_word' id='word_1_31' title='bbox 1214 1122 1369 1209; x_wconf 90' lang='lat' dir='ltr'>dicatur,</span> 
     </span>
     <span class='ocr_line' id='line_1_6' title="bbox 299 1245 1372 1339; baseline 0.002 -23"><span class='ocrx_word' id='word_1_32' title='bbox 299 1246 458 1322; x_wconf 86' lang='lat' dir='ltr'>statima</span> <span class='ocrx_word' id='word_1_33' title='bbox 483 1253 587 1339; x_wconf 88' lang='lat' dir='ltr'>partu</span> <span class='ocrx_word' id='word_1_34' title='bbox 604 1245 772 1339; x_wconf 83' lang='lat' dir='ltr'>puellam,</span> <span class='ocrx_word' id='word_1_35' title='bbox 804 1252 924 1318; x_wconf 90' lang='lat' dir='ltr'>tenera</span> <span class='ocrx_word' id='word_1_36' title='bbox 943 1267 1027 1316; x_wconf 93' lang='lat' dir='ltr'>voce</span> <span class='ocrx_word' id='word_1_37' title='bbox 1047 1247 1169 1318; x_wconf 90' lang='lat' dir='ltr'>matris</span> <span class='ocrx_word' id='word_1_38' title='bbox 1196 1249 1372 1330; x_wconf 86' lang='lat' dir='ltr'>auxilium</span> 
     </span>
     <span class='ocr_line' id='line_1_7' title="bbox 300 1373 1372 1470; baseline 0.004 -27"><span class='ocrx_word' id='word_1_39' title='bbox 300 1373 559 1467; x_wconf 81' lang='lat' dir='ltr'>implorantem,</span> <span class='ocrx_word' id='word_1_40' title='bbox 594 1373 722 1464; x_wconf 31' lang='lat' dir='ltr'>,alienis</span> <span class='ocrx_word' id='word_1_41' title='bbox 759 1373 925 1449; x_wconf 78' lang='lat' dir='ltr'>uberibus</span> <span class='ocrx_word' id='word_1_42' title='bbox 962 1374 1133 1446; x_wconf 80' lang='lat' dir='ltr'>committi</span> <span class='ocrx_word' id='word_1_43' title='bbox 1172 1382 1372 1470; x_wconf 84' lang='lat' dir='ltr'>exteraeque</span> 
     </span>
     <span class='ocr_line' id='line_1_8' title="bbox 301 1497 1374 1590; baseline 0.004 -24"><span class='ocrx_word' id='word_1_44' title='bbox 301 1497 392 1568; x_wconf 85' lang='lat' dir='ltr'>tradi</span> <span class='ocrx_word' id='word_1_45' title='bbox 421 1498 572 1580; x_wconf 89' lang='lat' dir='ltr'>mulieri,</span> <span class='ocrx_word' id='word_1_46' title='bbox 601 1521 692 1590; x_wconf 89' lang='lat' dir='ltr'>quae,</span> <span class='ocrx_word' id='word_1_47' title='bbox 715 1497 750 1566; x_wconf 93' lang='lat' dir='ltr'>id</span> <span class='ocrx_word' id='word_1_48' title='bbox 779 1498 873 1590; x_wconf 89' lang='lat' dir='ltr'>quod</span> <span class='ocrx_word' id='word_1_49' title='bbox 896 1498 1067 1570; x_wconf 83' lang='lat' dir='ltr'>attinebat</span> <span class='ocrx_word' id='word_1_50' title='bbox 1094 1499 1139 1569; x_wconf 89' lang='lat' dir='ltr'>ad</span> <span class='ocrx_word' id='word_1_51' title='bbox 1167 1500 1298 1584; x_wconf 86' lang='lat' dir='ltr'>cibum,</span> <span class='ocrx_word' id='word_1_52' title='bbox 1329 1501 1374 1570; x_wconf 86' lang='lat' dir='ltr'>ad</span> 
     </span>
     <span class='ocr_line' id='line_1_9' title="bbox 300 1622 1374 1718; baseline 0.001 -25"><span class='ocrx_word' id='word_1_53' title='bbox 300 1645 472 1709; x_wconf 87' lang='lat' dir='ltr'>smmum,</span> <span class='ocrx_word' id='word_1_54' title='bbox 491 1623 680 1716; x_wconf 88' lang='lat' dir='ltr'>adpotum,</span> <span class='ocrx_word' id='word_1_55' title='bbox 699 1622 742 1692; x_wconf 86' lang='lat' dir='ltr'>al</span> <span class='ocrx_word' id='word_1_56' title='bbox 758 1629 903 1707; x_wconf 89' lang='lat' dir='ltr'>motum,</span> <span class='ocrx_word' id='word_1_57' title='bbox 924 1622 968 1692; x_wconf 88' lang='lat' dir='ltr'>ad</span> <span class='ocrx_word' id='word_1_58' title='bbox 985 1623 1123 1706; x_wconf 87' lang='lat' dir='ltr'>balnea,</span> <span class='ocrx_word' id='word_1_59' title='bbox 1142 1625 1285 1716; x_wconf 88' lang='lat' dir='ltr'>perinde</span> <span class='ocrx_word' id='word_1_60' title='bbox 1295 1625 1374 1718; x_wconf 86' lang='lat' dir='ltr'>jam</span> 
     </span>
     <span class='ocr_line' id='line_1_10' title="bbox 301 1748 1371 1842; baseline 0.004 -24"><span class='ocrx_word' id='word_1_61' title='bbox 301 1749 400 1841; x_wconf 90' lang='lat' dir='ltr'>quasi</span> <span class='ocrx_word' id='word_1_62' title='bbox 411 1749 510 1841; x_wconf 86' lang='lat' dir='ltr'>parvi</span> <span class='ocrx_word' id='word_1_63' title='bbox 524 1749 688 1826; x_wconf 89' lang='lat' dir='ltr'>momenti</span> <span class='ocrx_word' id='word_1_64' title='bbox 707 1771 761 1819; x_wconf 89' lang='lat' dir='ltr'>res</span> <span class='ocrx_word' id='word_1_65' title='bbox 777 1755 956 1840; x_wconf 79' lang='lat' dir='ltr'>ageretur,</span> <span class='ocrx_word' id='word_1_66' title='bbox 970 1772 1031 1841; x_wconf 92' lang='lat' dir='ltr'>pro</span> <span class='ocrx_word' id='word_1_67' title='bbox 1045 1748 1155 1819; x_wconf 89' lang='lat' dir='ltr'>nihilo</span> <span class='ocrx_word' id='word_1_68' title='bbox 1167 1749 1371 1842; x_wconf 70' lang='lat' dir='ltr'>plerumque</span> 
     </span>
     <span class='ocr_line' id='line_1_11' title="bbox 301 1872 1371 1968; baseline 0.001 -24"><span class='ocrx_word' id='word_1_69' title='bbox 301 1874 460 1945; x_wconf 85' lang='lat' dir='ltr'>ducebat.</span> <span class='ocrx_word' id='word_1_70' title='bbox 484 1875 539 1945; x_wconf 83' lang='lat' dir='ltr'>Ex</span> <span class='ocrx_word' id='word_1_71' title='bbox 559 1897 627 1966; x_wconf 94' lang='lat' dir='ltr'>quo</span> <span class='ocrx_word' id='word_1_72' title='bbox 640 1875 718 1968; x_wconf 88' lang='lat' dir='ltr'>jam</span> <span class='ocrx_word' id='word_1_73' title='bbox 746 1874 849 1944; x_wconf 85' lang='lat' dir='ltr'>fiebat</span> <span class='ocrx_word' id='word_1_74' title='bbox 873 1882 911 1944; x_wconf 86' lang='lat' dir='ltr'>ut</span> <span class='ocrx_word' id='word_1_75' title='bbox 933 1872 1052 1944; x_wconf 80' lang='lat' dir='ltr'>mulrae</span> <span class='ocrx_word' id='word_1_76' title='bbox 1078 1873 1204 1967; x_wconf 82' lang='lat' dir='ltr'>puellae</span> <span class='ocrx_word' id='word_1_77' title='bbox 1232 1876 1371 1967; x_wconf 83' lang='lat' dir='ltr'>gravis·</span> 
     </span>
     <span class='ocr_line' id='line_1_12' title="bbox 301 1998 1371 2094; baseline 0.001 -25"><span class='ocrx_word' id='word_1_78' title='bbox 301 1998 554 2072; x_wconf 80' lang='lat' dir='ltr'>simismorbis</span> <span class='ocrx_word' id='word_1_79' title='bbox 583 2007 702 2094; x_wconf 88' lang='lat' dir='ltr'>postea</span> <span class='ocrx_word' id='word_1_80' title='bbox 726 1998 940 2070; x_wconf 81' lang='lat' dir='ltr'>laborarent.</span> <span class='ocrx_word' id='word_1_81' title='bbox 972 1999 1046 2070; x_wconf 92' lang='lat' dir='ltr'>Nec</span> <span class='ocrx_word' id='word_1_82' title='bbox 1067 1999 1223 2072; x_wconf 89' lang='lat' dir='ltr'>mirum!</span> <span class='ocrx_word' id='word_1_83' title='bbox 1255 2008 1371 2094; x_wconf 85' lang='lat' dir='ltr'>utpote</span> 
     </span>
     <span class='ocr_line' id='line_1_13' title="bbox 302 2124 1372 2220; baseline -0.003 -19"><span class='ocrx_word' id='word_1_84' title='bbox 302 2149 379 2218; x_wconf 87' lang='lat' dir='ltr'>quae</span> <span class='ocrx_word' id='word_1_85' title='bbox 397 2149 419 2195; x_wconf 89' lang='lat' dir='ltr'>a</span> <span class='ocrx_word' id='word_1_86' title='bbox 438 2126 556 2220; x_wconf 91' lang='lat' dir='ltr'>pueris</span> <span class='ocrx_word' id='word_1_87' title='bbox 580 2124 807 2217; x_wconf 85' lang='lat' dir='ltr'>indiligenter</span> <span class='ocrx_word' id='word_1_88' title='bbox 835 2124 994 2195; x_wconf 86' lang='lat' dir='ltr'>educatae</span> <span class='ocrx_word' id='word_1_89' title='bbox 1016 2126 1070 2217; x_wconf 81' lang='lat' dir='ltr'>(l)</span> <span class='ocrx_word' id='word_1_90' title='bbox 1104 2125 1234 2196; x_wconf 89' lang='lat' dir='ltr'>fuerint</span> <span class='ocrx_word' id='word_1_91' title='bbox 1258 2131 1302 2196; x_wconf 88' lang='lat' dir='ltr'>ab</span> <span class='ocrx_word' id='word_1_92' title='bbox 1329 2150 1372 2198; x_wconf 88' lang='lat' dir='ltr'>ea</span> 
     </span>
     <span class='ocr_line' id='line_1_14' title="bbox 303 2248 1372 2344; baseline 0.001 -24"><span class='ocrx_word' id='word_1_93' title='bbox 303 2251 436 2328; x_wconf 81' lang='lat' dir='ltr'>nutrice</span> <span class='ocrx_word' id='word_1_94' title='bbox 464 2273 543 2344; x_wconf 89' lang='lat' dir='ltr'>quae</span> <span class='ocrx_word' id='word_1_95' title='bbox 569 2251 689 2326; x_wconf 86' lang='lat' dir='ltr'>vinum</span> <span class='ocrx_word' id='word_1_96' title='bbox 714 2258 774 2322; x_wconf 93' lang='lat' dir='ltr'>aut</span> <span class='ocrx_word' id='word_1_97' title='bbox 796 2248 1008 2321; x_wconf 88' lang='lat' dir='ltr'>salsamenta</span> <span class='ocrx_word' id='word_1_98' title='bbox 1033 2249 1185 2321; x_wconf 90' lang='lat' dir='ltr'>alumnis</span> <span class='ocrx_word' id='word_1_99' title='bbox 1210 2250 1372 2343; x_wconf 85' lang='lat' dir='ltr'>ingerere</span> 
     </span>
     <span class='ocr_line' id='line_1_15' title="bbox 303 2376 1368 2468; baseline -0.002 -18"><span class='ocrx_word' id='word_1_100' title='bbox 303 2377 447 2461; x_wconf 82' lang='lat' dir='ltr'>solebat,</span> <span class='ocrx_word' id='word_1_101' title='bbox 461 2385 507 2461; x_wconf 86' lang='lat' dir='ltr'>et,</span> <span class='ocrx_word' id='word_1_102' title='bbox 521 2378 604 2450; x_wconf 93' lang='lat' dir='ltr'>dum</span> <span class='ocrx_word' id='word_1_103' title='bbox 620 2384 788 2450; x_wconf 90' lang='lat' dir='ltr'>metueret</span> <span class='ocrx_word' id='word_1_104' title='bbox 799 2399 841 2446; x_wconf 91' lang='lat' dir='ltr'>ne</span> <span class='ocrx_word' id='word_1_105' title='bbox 853 2376 999 2447; x_wconf 90' lang='lat' dir='ltr'>nimium</span> <span class='ocrx_word' id='word_1_106' title='bbox 1008 2377 1368 2468; x_wconf 85' lang='lat' dir='ltr'>gracilesevaderent‚</span> 
     </span>
     <span class='ocr_line' id='line_1_16' title="bbox 303 2501 1371 2596; baseline 0.002 -22"><span class='ocrx_word' id='word_1_107' title='bbox 303 2502 500 2574; x_wconf 88' lang='lat' dir='ltr'>nolentibus</span> <span class='ocrx_word' id='word_1_108' title='bbox 539 2512 644 2596; x_wconf 88' lang='lat' dir='ltr'>atque</span> <span class='ocrx_word' id='word_1_109' title='bbox 685 2501 961 2595; x_wconf 82' lang='lat' dir='ltr'>repugnantibus</span> <span class='ocrx_word' id='word_1_110' title='bbox 993 2501 1108 2574; x_wconf 65' lang='lat' dir='ltr'>&#39;etiam</span> <span class='ocrx_word' id='word_1_111' title='bbox 1147 2503 1371 2578; x_wconf 85' lang='lat' dir='ltr'>immodicum</span> 
     </span>
     <span class='ocr_line' id='line_1_17' title="bbox 303 2627 1371 2721; baseline 0.001 -24"><span class='ocrx_word' id='word_1_112' title='bbox 303 2629 420 2700; x_wconf 89' lang='lat' dir='ltr'>cibum</span> <span class='ocrx_word' id='word_1_113' title='bbox 458 2628 676 2707; x_wconf 87' lang='lat' dir='ltr'>infarciebat,</span> <span class='ocrx_word' id='word_1_114' title='bbox 720 2651 784 2698; x_wconf 91' lang='lat' dir='ltr'>nec</span> <span class='ocrx_word' id='word_1_115' title='bbox 810 2628 1014 2721; x_wconf 85' lang='lat' dir='ltr'>providebat</span> <span class='ocrx_word' id='word_1_116' title='bbox 1048 2650 1090 2698; x_wconf 91' lang='lat' dir='ltr'>ne</span> <span class='ocrx_word' id='word_1_117' title='bbox 1124 2627 1371 2700; x_wconf 87' lang='lat' dir='ltr'>alimentorum</span> 
     </span>
     <span class='ocr_line' id='line_1_18' title="bbox 303 2753 1372 2847; baseline 0 -23"><span class='ocrx_word' id='word_1_118' title='bbox 303 2755 403 2846; x_wconf 89' lang='lat' dir='ltr'>copia</span> <span class='ocrx_word' id='word_1_119' title='bbox 422 2754 525 2846; x_wconf 84' lang='lat' dir='ltr'>vigor</span> <span class='ocrx_word' id='word_1_120' title='bbox 543 2753 904 2847; x_wconf 85' lang='lat' dir='ltr'>ingeniisepeliretur,</span> <span class='ocrx_word' id='word_1_121' title='bbox 920 2753 1036 2846; x_wconf 91' lang='lat' dir='ltr'>inopia</span> <span class='ocrx_word' id='word_1_122' title='bbox 1051 2761 1168 2825; x_wconf 90' lang='lat' dir='ltr'>autem</span> <span class='ocrx_word' id='word_1_123' title='bbox 1186 2754 1372 2826; x_wconf 87' lang='lat' dir='ltr'>flaccidum</span> 
     </span>
     <span class='ocr_line' id='line_1_19' title="bbox 303 2881 655 2972; baseline 0.003 -24"><span class='ocrx_word' id='word_1_124' title='bbox 303 2902 429 2972; x_wconf 84' lang='lat' dir='ltr'>corpus</span> <span class='ocrx_word' id='word_1_125' title='bbox 445 2881 655 2952; x_wconf 81' lang='lat' dir='ltr'>efficeretur.</span> 
     </span>
    </p>

    <p class='ocr_par' dir='ltr' id='par_1_3' title="bbox 303 3005 1377 4354">
     <span class='ocr_line' id='line_1_20' title="bbox 354 3005 1374 3098; baseline -0.002 -20"><span class='ocrx_word' id='word_1_126' title='bbox 354 3006 519 3079; x_wconf 90' lang='lat' dir='ltr'>Attamen</span> <span class='ocrx_word' id='word_1_127' title='bbox 539 3006 633 3078; x_wconf 86' lang='lat' dir='ltr'>circa</span> <span class='ocrx_word' id='word_1_128' title='bbox 651 3005 815 3077; x_wconf 85' lang='lat' dir='ltr'>vestitum</span> <span class='ocrx_word' id='word_1_129' title='bbox 835 3015 869 3078; x_wconf 91' lang='lat' dir='ltr'>et</span> <span class='ocrx_word' id='word_1_130' title='bbox 888 3013 1050 3077; x_wconf 89' lang='lat' dir='ltr'>ornatum</span> <span class='ocrx_word' id='word_1_131' title='bbox 1071 3027 1140 3076; x_wconf 93' lang='lat' dir='ltr'>non</span> <span class='ocrx_word' id='word_1_132' title='bbox 1161 3006 1276 3078; x_wconf 91' lang='lat' dir='ltr'>minus</span> <span class='ocrx_word' id='word_1_133' title='bbox 1296 3029 1374 3098; x_wconf 89' lang='lat' dir='ltr'>pec-</span> 
     </span>
     <span class='ocr_line' id='line_1_21' title="bbox 303 3130 1370 3224; baseline 0.003 -25"><span class='ocrx_word' id='word_1_134' title='bbox 303 3130 461 3203; x_wconf 83' lang='lat' dir='ltr'>cabatur.</span> <span class='ocrx_word' id='word_1_135' title='bbox 489 3131 649 3223; x_wconf 88' lang='lat' dir='ltr'>Namque</span> <span class='ocrx_word' id='word_1_136' title='bbox 678 3138 716 3201; x_wconf 91' lang='lat' dir='ltr'>ut</span> <span class='ocrx_word' id='word_1_137' title='bbox 739 3152 797 3201; x_wconf 90' lang='lat' dir='ltr'>eos</span> <span class='ocrx_word' id='word_1_138' title='bbox 823 3130 1072 3224; x_wconf 87' lang='lat' dir='ltr'>improbaveris</span> <span class='ocrx_word' id='word_1_139' title='bbox 1097 3137 1274 3223; x_wconf 89' lang='lat' dir='ltr'>parentes,</span> <span class='ocrx_word' id='word_1_140' title='bbox 1297 3131 1370 3223; x_wconf 91' lang='lat' dir='ltr'>qui,</span> 
     </span>
     <span class='ocr_line' id='line_1_22' title="bbox 304 3255 1375 3348; baseline -0.001 -22"><span class='ocrx_word' id='word_1_141' title='bbox 304 3256 472 3332; x_wconf 87' lang='lat' dir='ltr'>saeviente</span> <span class='ocrx_word' id='word_1_142' title='bbox 494 3257 621 3340; x_wconf 87' lang='lat' dir='ltr'>hicme,</span> <span class='ocrx_word' id='word_1_143' title='bbox 648 3263 784 3328; x_wconf 91' lang='lat' dir='ltr'>teneros</span> <span class='ocrx_word' id='word_1_144' title='bbox 805 3255 994 3332; x_wconf 87' lang='lat' dir='ltr'>admodum</span> <span class='ocrx_word' id='word_1_145' title='bbox 1020 3277 1145 3348; x_wconf 91' lang='lat' dir='ltr'>pueros</span> <span class='ocrx_word' id='word_1_146' title='bbox 1170 3255 1214 3326; x_wconf 87' lang='lat' dir='ltr'>ab</span> <span class='ocrx_word' id='word_1_147' title='bbox 1238 3255 1375 3336; x_wconf 86' lang='lat' dir='ltr'>aedibus</span> 
     </span>
     <span class='ocr_line' id='line_1_23' title="bbox 303 3380 1371 3472; baseline 0.006 -20"><span class='ocrx_word' id='word_1_148' title='bbox 303 3381 546 3465; x_wconf 83' lang='lat' dir='ltr'>excludebant,</span> <span class='ocrx_word' id='word_1_149' title='bbox 569 3390 608 3454; x_wconf 91' lang='lat' dir='ltr'>ut</span> <span class='ocrx_word' id='word_1_150' title='bbox 626 3383 795 3454; x_wconf 89' lang='lat' dir='ltr'>adversus</span> <span class='ocrx_word' id='word_1_151' title='bbox 816 3380 931 3472; x_wconf 86' lang='lat' dir='ltr'>frigus</span> <span class='ocrx_word' id='word_1_152' title='bbox 950 3403 991 3452; x_wconf 91' lang='lat' dir='ltr'>ac</span> <span class='ocrx_word' id='word_1_153' title='bbox 1020 3380 1104 3472; x_wconf 81' lang='lat' dir='ltr'>gelu</span> <span class='ocrx_word' id='word_1_154' title='bbox 1119 3380 1345 3458; x_wconf 86' lang='lat' dir='ltr'>firmarentur</span> <span class='ocrx_word' id='word_1_155' title='bbox 1363 3406 1371 3471; x_wconf 82' lang='lat'>3</span> 
     </span>
     <span class='ocr_line' id='line_1_24' title="bbox 304 3504 1374 3599; baseline 0 -23"><span class='ocrx_word' id='word_1_156' title='bbox 304 3507 439 3590; x_wconf 80' lang='lat' dir='ltr'>siccae,</span> <span class='ocrx_word' id='word_1_157' title='bbox 458 3505 668 3590; x_wconf 86' lang='lat' dir='ltr'>mehercule,</span> <span class='ocrx_word' id='word_1_158' title='bbox 695 3513 769 3578; x_wconf 89' lang='lat' dir='ltr'>tota</span> <span class='ocrx_word' id='word_1_159' title='bbox 793 3505 851 3576; x_wconf 89' lang='lat' dir='ltr'>via</span> <span class='ocrx_word' id='word_1_160' title='bbox 880 3504 983 3579; x_wconf 86' lang='lat' dir='ltr'>facile</span> <span class='ocrx_word' id='word_1_161' title='bbox 1003 3528 1121 3576; x_wconf 89' lang='lat' dir='ltr'>errare</span> <span class='ocrx_word' id='word_1_162' title='bbox 1141 3505 1290 3590; x_wconf 78' lang='lat' dir='ltr'>dixeriS,</span> <span class='ocrx_word' id='word_1_163' title='bbox 1313 3507 1374 3599; x_wconf 89' lang='lat' dir='ltr'>qui</span> 
     </span>
     <span class='ocr_line' id='line_1_25' title="bbox 304 3631 1369 3726; baseline -0.001 -21"><span class='ocrx_word' id='word_1_164' title='bbox 304 3631 455 3724; x_wconf 91' lang='lat' dir='ltr'>puellam</span> <span class='ocrx_word' id='word_1_165' title='bbox 469 3633 620 3704; x_wconf 88' lang='lat' dir='ltr'>vestibus</span> <span class='ocrx_word' id='word_1_166' title='bbox 629 3633 674 3702; x_wconf 90' lang='lat' dir='ltr'>ad</span> <span class='ocrx_word' id='word_1_167' title='bbox 684 3632 1089 3726; x_wconf 88' lang='lat' dir='ltr'>ostentationemparatis</span> <span class='ocrx_word' id='word_1_168' title='bbox 1098 3632 1148 3702; x_wconf 87' lang='lat' dir='ltr'>ita</span> <span class='ocrx_word' id='word_1_169' title='bbox 1154 3632 1369 3724; x_wconf 89' lang='lat' dir='ltr'>operiebant,</span> 
     </span>
     <span class='ocr_line' id='line_1_26' title="bbox 307 3757 1369 3834; baseline 0.001 -6"><span class='ocrx_word' id='word_1_170' title='bbox 307 3765 344 3828; x_wconf 85' lang='lat' dir='ltr'>ut</span> <span class='ocrx_word' id='word_1_171' title='bbox 375 3758 512 3832; x_wconf 88' lang='lat' dir='ltr'>simiam</span> <span class='ocrx_word' id='word_1_172' title='bbox 543 3757 698 3830; x_wconf 90' lang='lat' dir='ltr'>humano</span> <span class='ocrx_word' id='word_1_173' title='bbox 727 3758 825 3834; x_wconf 91' lang='lat' dir='ltr'>cultu</span> <span class='ocrx_word' id='word_1_174' title='bbox 856 3757 974 3829; x_wconf 87' lang='lat' dir='ltr'>verius</span> <span class='ocrx_word' id='word_1_175' title='bbox 1001 3780 1128 3830; x_wconf 89' lang='lat' dir='ltr'>ornare</span> <span class='ocrx_word' id='word_1_176' title='bbox 1154 3758 1369 3831; x_wconf 85' lang='lat' dir='ltr'>viderentur.</span> 
     </span>
     <span class='ocr_line' id='line_1_27' title="bbox 303 3881 1375 3978; baseline 0 -25"><span class='ocrx_word' id='word_1_177' title='bbox 303 3883 395 3954; x_wconf 83' lang='lat' dir='ltr'>Nam</span> <span class='ocrx_word' id='word_1_178' title='bbox 410 3882 493 3976; x_wconf 92' lang='lat' dir='ltr'>quid</span> <span class='ocrx_word' id='word_1_179' title='bbox 509 3905 740 3954; x_wconf 88' lang='lat' dir='ltr'>memoremus</span> <span class='ocrx_word' id='word_1_180' title='bbox 758 3913 774 3948; x_wconf 93' lang='lat'>«</span> <span class='ocrx_word' id='word_1_181' title='bbox 794 3882 886 3977; x_wconf 88' lang='lat' dir='ltr'>pilea</span> <span class='ocrx_word' id='word_1_182' title='bbox 908 3909 926 3952; x_wconf 71' lang='lat' dir='ltr'>a</span> <span class='ocrx_word' id='word_1_183' title='bbox 957 3881 1032 3968; x_wconf 91' lang='lat' dir='ltr'>illa,</span> <span class='ocrx_word' id='word_1_184' title='bbox 1056 3882 1137 3955; x_wconf 91' lang='lat' dir='ltr'>illas</span> <span class='ocrx_word' id='word_1_185' title='bbox 1153 3905 1280 3978; x_wconf 82' lang='lat' dir='ltr'>graves</span> <span class='ocrx_word' id='word_1_186' title='bbox 1299 3883 1375 3953; x_wconf 94' lang='lat' dir='ltr'>lon·</span> 
     </span>
     <span class='ocr_line' id='line_1_28' title="bbox 305 4010 1375 4104; baseline 0.001 -24"><span class='ocrx_word' id='word_1_187' title='bbox 305 4033 418 4103; x_wconf 83' lang='lat' dir='ltr'>geque</span> <span class='ocrx_word' id='word_1_188' title='bbox 445 4010 593 4086; x_wconf 87' lang='lat' dir='ltr'>lluentes</span> <span class='ocrx_word' id='word_1_189' title='bbox 630 4042 646 4077; x_wconf 77' lang='grc' dir='ltr'>α</span> <span class='ocrx_word' id='word_1_190' title='bbox 678 4011 835 4084; x_wconf 87' lang='lat' dir='ltr'>fimbrias</span> <span class='ocrx_word' id='word_1_191' title='bbox 875 4041 909 4094; x_wconf 90' lang='lat'>»,</span> <span class='ocrx_word' id='word_1_192' title='bbox 953 4010 1032 4083; x_wconf 92' lang='lat' dir='ltr'>illos</span> <span class='ocrx_word' id='word_1_193' title='bbox 1074 4011 1251 4082; x_wconf 88' lang='lat' dir='ltr'>nescimus</span> <span class='ocrx_word' id='word_1_194' title='bbox 1288 4032 1375 4104; x_wconf 92' lang='lat' dir='ltr'>quos</span> 
     </span>
     <span class='ocr_line' id='line_1_29' title="bbox 309 4134 1377 4226; baseline -0.001 -23"><span class='ocrx_word' id='word_1_195' title='bbox 309 4135 505 4210; x_wconf 85' lang='lat' dir='ltr'>«thoraces</span> <span class='ocrx_word' id='word_1_196' title='bbox 527 4165 559 4222; x_wconf 81' lang='lat' dir='ltr'>u,</span> <span class='ocrx_word' id='word_1_197' title='bbox 582 4159 735 4210; x_wconf 90' lang='lat' dir='ltr'>necnon</span> <span class='ocrx_word' id='word_1_198' title='bbox 759 4165 774 4200; x_wconf 91' lang='lat'>«</span> <span class='ocrx_word' id='word_1_199' title='bbox 798 4134 933 4226; x_wconf 83' lang='lat' dir='ltr'>caligas</span> <span class='ocrx_word' id='word_1_200' title='bbox 952 4166 984 4221; x_wconf 74' lang='grc' dir='ltr'>υ,</span> <span class='ocrx_word' id='word_1_201' title='bbox 1002 4143 1036 4206; x_wconf 91' lang='lat' dir='ltr'>et</span> <span class='ocrx_word' id='word_1_202' title='bbox 1054 4165 1070 4200; x_wconf 89' lang='lat'>«</span> <span class='ocrx_word' id='word_1_203' title='bbox 1092 4135 1318 4220; x_wconf 83' lang='lat' dir='ltr'>interulas»,</span> <span class='ocrx_word' id='word_1_204' title='bbox 1342 4144 1377 4205; x_wconf 88' lang='lat' dir='ltr'>et.</span> 
     </span>
     <span class='ocr_line' id='line_1_30' title="bbox 310 4259 1375 4354; baseline 0.001 -25"><span class='ocrx_word' id='word_1_205' title='bbox 310 4293 324 4324; x_wconf 68' lang='grc' dir='ltr'>α</span> <span class='ocrx_word' id='word_1_206' title='bbox 339 4260 442 4332; x_wconf 83' lang='lat' dir='ltr'>vittas</span> <span class='ocrx_word' id='word_1_207' title='bbox 456 4290 488 4345; x_wconf 84' lang='lat'>»,</span> <span class='ocrx_word' id='word_1_208' title='bbox 501 4268 535 4331; x_wconf 95' lang='lat' dir='ltr'>et</span> <span class='ocrx_word' id='word_1_209' title='bbox 553 4291 569 4325; x_wconf 77' lang='grc' dir='ltr'>α</span> <span class='ocrx_word' id='word_1_210' title='bbox 588 4260 812 4343; x_wconf 82' lang='lat' dir='ltr'>caliendra»,</span> <span class='ocrx_word' id='word_1_211' title='bbox 828 4269 862 4330; x_wconf 88' lang='lat' dir='ltr'>et</span> <span class='ocrx_word' id='word_1_212' title='bbox 876 4291 891 4324; x_wconf 88' lang='lat'>«</span> <span class='ocrx_word' id='word_1_213' title='bbox 906 4261 1082 4354; x_wconf 89' lang='lat' dir='ltr'>epomides</span> <span class='ocrx_word' id='word_1_214' title='bbox 1098 4290 1131 4344; x_wconf 79' lang='lat' dir='ltr'>u,</span> <span class='ocrx_word' id='word_1_215' title='bbox 1149 4267 1213 4331; x_wconf 90' lang='lat' dir='ltr'>et«</span> <span class='ocrx_word' id='word_1_216' title='bbox 1236 4259 1375 4330; x_wconf 79' lang='lat' dir='ltr'>indusia</span> 
     </span>
    </p>
   </div>
   <div class='ocr_carea' id='block_1_3' title="bbox 339 4433 730 4582">
    <p class='ocr_par' dir='ltr' id='par_1_4' title="bbox 339 4433 730 4582">
     <span class='ocr_line' id='line_1_31' title="bbox 339 4433 673 4494; baseline -0.006 -12"><span class='ocrx_word' id='word_1_217' title='bbox 339 4433 373 4492; x_wconf 80' lang='lat'>(1)</span> <span class='ocrx_word' id='word_1_218' title='bbox 390 4433 497 4484; x_wconf 84' lang='lat' dir='ltr'>Erasm.</span> <span class='ocrx_word' id='word_1_219' title='bbox 514 4433 673 4494; x_wconf 79' lang='lat' dir='ltr'>Colloquia.</span> 
     </span>
     <span class='ocr_line' id='line_1_32' title="bbox 371 4519 730 4582; baseline 0.003 -15"><span class='ocrx_word' id='word_1_220' title='bbox 371 4521 532 4582; x_wconf 71' lang='lat' dir='ltr'>puerpera,</span> <span class='ocrx_word' id='word_1_221' title='bbox 548 4519 578 4567; x_wconf 86' lang='lat' dir='ltr'>T.</span> <span class='ocrx_word' id='word_1_222' title='bbox 593 4520 616 4569; x_wconf 95' lang='grc' dir='ltr'>Ι.</span> <span class='ocrx_word' id='word_1_223' title='bbox 635 4534 659 4582; x_wconf 91' lang='lat' dir='ltr'>p.</span> <span class='ocrx_word' id='word_1_224' title='bbox 674 4519 730 4568; x_wconf 63' lang='lat' dir='ltr'>blut.</span> 
     </span>
    </p>
   </div>
   <div class='ocr_carea' id='block_1_4' title="bbox 0 0 1728 5404">
    <p class='ocr_par' dir='ltr' id='par_1_5' title="bbox 0 0 1728 5404">
     <span class='ocr_line' id='line_1_33' title="bbox 0 0 1728 5404; baseline 0 0"><span class='ocrx_word' id='word_1_225' title='bbox 0 0 1728 5404; x_wconf 95' lang='lat' dir='ltr'> </span> 
     </span>
    </p>
   </div>
  </div>
 </body>
</html>
