3436 5404
768 655 922 715 ‚33-

304 816 482 887 incondito
510 813 711 906 insulsoque
739 814 830 908 stylo
866 821 1093 899 coacervatae,
1125 815 1241 907 magis
1269 837 1373 908 quam

304 941 504 1034 compositae
523 963 641 1033 nugae,
664 941 790 1032 quibus
810 940 896 1009 nihil
917 939 1059 1011 stultius
1085 940 1153 1009 dici
1174 947 1289 1032 queat.
1316 941 1374 1012 Sic

303 1065 453 1159 exempli
478 1065 609 1158 gratia,
636 1065 691 1135 vel
711 1065 840 1158 viginti
867 1067 983 1135 hostes
1003 1065 1142 1150 occidit,
1170 1073 1232 1137 aut
1250 1066 1370 1148 armis,

303 1199 447 1274 terrore,
470 1190 691 1282 periculoque
715 1191 837 1260 mortis
858 1191 960 1282 fugat
982 1189 1081 1261 miles
1101 1190 1160 1261 ille
1181 1190 1368 1283 gloriosus

302 1319 362 1410 qni
379 1337 594 1410 quocumque
612 1318 716 1388 infert
736 1324 797 1388 aut
821 1317 957 1388 illatum
974 1318 1110 1411 repellit
1131 1317 1278 1390 bellum!
1298 1319 1371 1388 lmo

301 1445 463 1536 triginta,
487 1445 556 1514 imo
571 1457 709 1513 centum
726 1443 842 1513 hostes
863 1443 957 1514 solus
977 1444 1126 1515 occidit!
1149 1445 1239 1514 Ecce
1254 1451 1370 1514 autem

299 1568 393 1640 alins
421 1569 494 1661 qui,
525 1591 633 1660 quum
664 1567 980 1639 innumerabilibus
1007 1568 1079 1639 fere
1101 1567 1316 1651 vulneribus
1336 1569 1370 1639 in

302 1717 436 1788 pugna,
460 1694 608 1764 adverso
628 1716 782 1786 corpore,
815 1693 994 1764 confossus
1014 1694 1071 1778 sit,
1098 1701 1214 1764 tamen
1237 1694 1370 1787 ingenti

303 1820 521 1915 providentia
565 1818 828 1911 incredibilique
866 1826 1002 1889 naturae
1046 1819 1217 1890 miraculo
1255 1820 1367 1892 vivit!

302 1943 426 2014 Vivitl
446 1944 519 2032 lmo
534 1949 568 2013 et
583 1943 709 2036 major,
731 1948 765 2012 et
785 1941 921 2024 fortior,
939 1951 972 2012 ct
993 1941 1141 2012 validior
1156 1942 1294 2014 evadit!

350 2067 599 2163 OpportuniuS‚
622 2089 683 2161 pro
706 2067 783 2137 istis
808 2090 905 2159 paene
929 2067 1085 2139 anilibus
1107 2067 1260 2160 ineptiis,
1277 2067 1372 2159 leget

295 2192 418 2284 ¹puella
441 2198 476 2261 et
499 2189 578 2262 illos
598 2214 684 2283 quos
714 2191 867 2262 diximus
887 2199 1060 2274 auctores
1088 2191 1203 2262 ethos
1223 2192 1282 2284 qui
1302 2214 1370 2262 non

302 2317 344 2388 ad
366 2316 592 2388 excolendam
608 2317 709 2386 modo
729 2316 789 2386 sed
805 2317 849 2385 ad
864 2316 1071 2386 firmandam
1087 2317 1191 2386 etiam
1208 2315 1371 2409 pietatem

302 2443 433 2525 valent,
455 2465 559 2534 seque
575 2442 794 2535 potissimum
809 2441 852 2510 iis
875 2441 1008 2511 imbuet
1027 2441 1125 2511 libris
1140 2441 1200 2534 qni
1214 2442 1370 2511 animum

302 2569 338 2637 in
353 2568 466 2638 Deum
486 2567 672 2651 extollunt,
690 2576 879 2661 pectusque
894 2567 930 2637 in
950 2567 1126 2638 chistiana
1141 2568 1255 2659 quiete
1270 2589 1371 2637 com·
1486 2653 1489 2659 ι

296 2699 448 2786 ponunt.
472 2692 592 2785 ltaque
607 2691 779 2762 habitabit
793 2691 830 2761 in
850 2693 1094 2781 Eoonpcliia
1117 2715 1135 2762 e
1155 2692 1279 2786 quibus
1294 2692 1371 2763 fons

303 2817 464 2910 perfectae
472 2816 655 2908 religionis
665 2825 837 2901 manatet
849 2817 884 2886 in
899 2799 1173 2908 Apostolorum
1184 2818 1372 2908 Epistulas

223 3039 225 3044 Ι
302 2943 516 3036 Patrumque
530 2942 698 3013 Ecclesiae
717 2944 771 3037 (l)
794 2942 969 3036 operibus,
992 2942 1119 3036 quippe
1139 2965 1201 3013 nec
1217 2942 1370 3036 planius

298 3089 366 3138 nec
386 3067 511 3154 fusius,
541 3089 604 3138 nec
633 3067 735 3138 citius
756 3067 848 3160 apud
871 3066 959 3136 alios
987 3067 1121 3138 discere
1151 3075 1265 3160 posset
1290 3067 1374 3160 quid

303 3192 380 3286 ipsa
395 3193 453 3275 sit,
471 3199 505 3262 ct
521 3214 588 3284 quo
604 3191 709 3277 itura,
730 3200 764 3263 ct
784 3194 955 3286 quomodo
970 3192 1051 3261 olim
1071 3216 1090 3263 e
1109 3199 1249 3285 peccato
1269 3191 1375 3263 fuerit

304 3316 496 3409 redempta,
520 3321 554 3387 ct
573 3316 644 3386 alia
659 3339 736 3408 quae
761 3339 803 3387 ne
820 3339 927 3387 unum
953 3317 1092 3408 quidem
1117 3340 1136 3387 e
1165 3316 1375 3388 Christianis

301 3441 443 3512 omnino
456 3441 621 3533 ignorare
636 3442 690 3512 fas
710 3449 775 3512 est.
795 3442 863 3513 Sed
887 3441 971 3534 quid
991 3441 1128 3513 multat
1149 3441 1374 3533 Religionem

304 3565 469 3660 sineque
493 3565 583 3637 nihil
612 3577 718 3649 recte,
739 3566 799 3636 sed
824 3589 974 3658 quacum
1004 3567 1122 3636 omnia
1151 3573 1242 3638 recte
1270 3567 1371 3651 liunt,

302 3691 531 3763 institutionis
546 3699 580 3762 et
595 3691 677 3761 vitae
692 3692 959 3762 fundamentum
975 3693 1124 3785 putabit.

351 3817 416 3887 His
432 3815 599 3887 nonnulla
611 3816 745 3886 addidit
759 3816 866 3886 Vives
882 3840 959 3909 quae
975 3817 1019 3886 ad
1029 3817 1257 3889 domesticum
1273 3840 1375 3889 usum

303 3948 482 4035 spectant3
514 3941 573 4012 sed
602 3962 709 4033 quum
729 3939 840 4011 multa
866 3941 950 4025 alia,
974 3948 1049 4010 tum
1084 3941 1172 4011 illud
1203 3941 1375 4035 imprimis

303 4064 478 4159 praecepit,
502 4073 540 4135 ut
560 4063 677 4157 puella
701 4088 838 4160 semper
864 4065 972 4136 alicui
993 4089 1109 4158 operae
1137 4068 1290 4138 studiose
1316 4091 1377 4136 va-

302 4198 410 4275 caret,
430 4214 493 4261 nec
508 4190 662 4263 ullarum
679 4193 775 4264 rudis
794 4201 885 4264 esset
910 4223 926 4258 «
950 4193 1092 4276 artium,
1116 4216 1194 4285 qnae
1213 4194 1376 4265 manibus

302 4324 499 4388 tractantur
528 4317 594 4410 (2).
630 4348 646 4382 υ
688 4320 809 4410 ltaque
843 4341 919 4390 cam
954 4319 1142 4391 admodum
1169 4320 1377 4412 prohibebat

337 4510 372 4572 (1)
389 4511 451 4560 viv„
465 4513 503 4561 De
521 4514 594 4561 least.
609 4517 687 4572 smair.
701 4515 812 4572 chru'st„
826 4515 856 4564 Τ.
872 4516 903 4563 ll.
918 4516 949 4564 li.
969 4517 987 4564 l.
1001 4515 1029 4565 C.
1046 4517 1069 4564 V
1088 4531 1112 4577 p.
1126 4516 1184 4563 ssbh.

339 4599 374 4663 (2)
391 4597 430 4651 Id.
442 4603 483 4650 De
494 4604 566 4651 last.
581 4606 661 4664 scena.
678 4605 787 4670 christ,
808 4606 841 4654 Τ.
862 4607 897 4654 ll.
912 4607 934 4654 L
964 4607 983 4655 1.
996 4606 1025 4656 C.
1043 4607 1086 4654 lll.
1106 4621 1130 4670 p.
1147 4607 1203 4654 ὧι).
