3436 5404
836 698 997 755 ..14-

378 867 776 962 animadvertendum,si
788 855 1004 956 reputaveris
1015 871 1117 944 quam
1129 840 1267 914 maleid
1277 833 1442 928 temporis

378 1012 515 1086 audiret
532 1027 574 1077 ea
586 1001 725 1092 lingua,
747 987 880 1062 nonita
901 976 1056 1071 cognita,
1076 991 1174 1042 neca
1196 961 1316 1036 multis
1331 958 1438 1040 culta,

338 1197 340 1200 ψ
379 1139 500 1236 paucis
516 1139 609 1206 certe
625 1140 728 1223 grata
742 1130 777 1194 et
790 1117 949 1214 probata,
967 1109 1037 1178 imo
1053 1099 1211 1196 pluribus
1230 1097 1391 1184 suspecta
1409 1093 1443 1155 et

381 1267 509 1348 invisa,
531 1279 636 1355 quarn
659 1285 674 1321 «
707 1247 911 1321 homines...
937 1259 981 1307 ex
999 1215 1442 1318 theologorumordine...,

383 1393 546 1488 Appiana
560 1377 753 1480 pertinacia
772 1365 924 1466 praediti,
938 1373 1127 1456 pravarum
1137 1345 1341 1442 opinionum
1355 1335 1450 1407 insti-

383 1520 505 1592 tricem
528 1534 649 1585 esse...
667 1512 702 1575 et
725 1493 932 1572 affertricem
957 1487 1010 1581 (l)
1035 1509 1051 1545 »
1084 1465 1291 1547 fremebant.
1310 1461 1453 1536 Latinos
1555 1423 1557 1426 Ι

386 1654 502 1719 autem
548 1660 617 1710 non
649 1624 828 1722 neglexit,
856 1625 891 1690 et
928 1615 965 1683 in
993 1609 1059 1679 hoc
1098 1621 1225 1696 genere
1256 1591 1314 1664 illa
1351 1609 1455 1682 opera

387 1766 569 1865 explicuit,
606 1751 803 1832 Ciceronis
838 1747 973 1831 Lepas,
1010 1723 1208 1818 Pbitelpbi
1254 1713 1452 1792 Convicia,

389 1896 577 1989 quantuni
610 1876 908 1955 Rhetoricornvn
937 1862 987 1932 ud
1017 1847 1265 1927 Herennium
1296 1839 1452 1914 tibenin,
1558 1863 1559 1866 π

392 2015 570 2091 Maronis
606 2003 807 2096 Georgica,
838 1985 1032 2083 Scipionis
1061 1973 1280 2051 Somnium,
1310 1966 1366 2035 De
1391 1952 1455 2031 Se-

393 2148 542 2219 nectute
578 2137 733 2210 librani,
766 2122 847 2196 Alia
877 2115 1008 2207 scripta
1027 2101 1132 2178 simul
1159 2098 1252 2170 edita
1277 2096 1371 2172 sunt,
1396 2085 1458 2156 Aa

391 2266 621 2344 Cornelium
645 2258 803 2331 Sullani
818 2269 866 2318 ne
885 2238 1047 2332 deponet
1063 2229 1302 2301 dictaturam
1321 2212 1458 2286 Decie-

397 2397 521 2478 mntio,
553 2390 633 2462 Pro
656 2385 763 2456 Caeco
797 2376 934 2446 contro
959 2363 1180 2434 Noaerennt
1206 2338 1459 2418 Declamatio,

398 2519 608 2612 Pompeius
627 2508 800 2602 sapiens,
819 2493 974 2570 Fabula
992 2488 1036 2557 de
1051 2478 1217 2552 bomine.

447 2649 551 2720 Hunc
570 2640 630 2736 qui
650 2632 838 2708 audiebant
861 2613 1166 2692 commentantem,
1193 2613 1361 2670 canorum
1389 2608 1465 2658 ora-

399 2786 509 2848 torem
534 2777 568 2841 et
593 2758 783 2836 volubilem
805 2771 881 2823 esse
904 2740 1079 2817 dicebant,
1098 2726 1271 2800 addebant
1294 2717 1400 2789 etiam
1413 2712 1466 2781 in-

401 2898 587 2978 dustrium,
605 2889 823 2980 diligentem,
840 2880 874 2945 et
893 2869 938 2940 ad
957 2857 1090 2958 quaevis
1109 2859 1230 2946 aptum
1241 2850 1283 2932 {et
1296 2835 1463 2912 habilem.

404 3036 579 3106 Caeterum
602 3021 771 3112 quantam
799 3003 853 3075 sui
880 2988 1039 3089 injecerit
1055 2973 1337 3054 admirationem,
1361 2980 1467 3055 quum

1076 3113 1152 3176 turn
1177 3115 1296 3168 veroe
1319 3085 1469 3182 quadam

405 3181 424 3229 e
447 3152 636 3227 multorum
659 3137 810 3209 aliorum
836 3111 1055 3195 testimoniis,

408 3283 555 3354 Thomas
569 3266 674 3350 Mori,
691 3259 750 3354 qui
764 3258 839 3349 ipse
852 3257 929 3319 tum
943 3239 1022 3320 fuit,
1040 3226 1186 3326 epistola
1205 3217 1357 3294 maxime
1372 3206 1471 3281 intel·
1555 3210 1557 3214 ’

653 3415 669 3462 s
688 3385 782 3458 enim
802 3373 904 3447 Vivis
919 3361 1081 3460 operibus
1099 3383 1115 3418 c
1133 3367 1245 3440 neque
1272 3335 1387 3430 magis
1406 3330 1474 3403 ele-

410 3406 477 3502 ligi
489 3404 612 3498 potest.
635 3392 650 3462 l

975 3508 1057 3561 uam
1085 3510 1100 3545 n
1128 3469 1267 3571 jamdiu
1291 3461 1420 3534 vidisse
1441 3478 1477 3526 se

413 3556 516 3630 gam,
539 3543 649 3616 neque
668 3510 844 3587 eruditum
867 3493 973 3590 quidq

415 3654 579 3749 negabat,
606 3665 669 3716 nec
694 3645 903 3730 quemquam
928 3615 1037 3688 alium
1056 3607 1129 3677 tere
1158 3590 1365 3689 reperiebat,
1386 3612 1402 3648 «
1421 3579 1479 3674 qui

413 3775 488 3858 'tarn
520 3778 653 3882 virente
680 3769 796 3844 aetate,
830 3760 903 3823 tarn
927 3737 1125 3815 absolutum
1162 3713 1382 3818 cyclopedias
1417 3726 1481 3777 or-

417 3918 496 3985 bern
512 3905 565 4002 (2)
584 3930 600 3965 »
619 3887 835 3968 absolvisset.

466 4026 689 4120 Nihiligitur
699 4017 774 4109 ejus
788 4002 912 4101 gloriae
920 3993 1053 4065 deerat.
1070 3981 1150 4052 ldeo
1166 3991 1272 4068 quum
1291 3975 1482 4057 aggressus

421 4168 512 4238 esset
532 4157 702 4230 Erasmus
721 4141 868 4210 Patrum
884 4120 1004 4195 latinae
1026 4102 1193 4183 Ecclesiae
1218 4113 1324 4189 opera
1343 4088 1484 4156 instau-

424 4315 515 4375 rare,
533 4291 572 4357 ut
585 4267 806 4353 emendatius·
817 4266 850 4330 et
869 4239 1121 4338 intelligentius
1140 4227 1354 4322 legerentur,
1376 4211 1486 4282 Vives

458 4505 493 4570 (1)
507 4497 578 4552 Bud.
593 4494 633 4543 De
646 4486 720 4538 stud.
736 4481 791 4530 litt.
808 4475 884 4522 recta
897 4455 1087 4514 instituenda,
1105 4447 1138 4496 T.
1153 4442 1175 4493 I.
1189 4455 1215 4504 p.
1233 4437 1257 4486 5.

460 4596 494 4658 (2)
511 4591 621 4646 Erasm.
647 4571 797 4639 Epistoloe.

460 4683 554 4749 Epist.
572 4676 687 4724 Thonioe
704 4657 781 4712 Mori
798 4655 931 4704 Ernsmo,
946 4639 979 4689 T.
1004 4637 1027 4683 l.
1049 4631 1082 4680 L.
1098 4614 1290 4687 niunpurc.
