3436 5404
744 613 902 679 ..39-

290 782 452 853 versandi
472 782 621 865 occasio,
639 788 713 852 tum
729 780 813 872 quid
827 780 921 850 dicat
934 779 1055 851 sedulo
1070 781 1199 863 videat,
1217 782 1354 874 nequid

289 908 480 992 immodici,
499 914 532 978 et
551 906 755 1000 petulantis,
776 912 812 976 et
835 905 1009 998 imprimis
1038 904 1162 977 lascivi
1180 906 1216 976 in
1239 905 1353 977 verbis

290 1033 583 1127 deprehendatur.
611 1033 684 1102 Neo
708 1039 837 1103 temere
863 1038 924 1102 aut
951 1031 1188 1124 imprudenter
1211 1031 1253 1100 de
1268 1051 1354 1122 qua-

291 1179 439 1250 cumque
459 1181 495 1228 re
511 1180 589 1250 quae
608 1157 741 1227 venerit
755 1157 791 1226 in
810 1156 1082 1226 controversiam
1095 1154 1247 1245 effutiat3
1273 1153 1354 1224 inde

291 1284 404 1354 oritur
427 1283 602 1354 nescimus
631 1283 723 1374 quod
742 1305 831 1376 opus
864 1281 1102 1375 amplificandi
1130 1280 1185 1352 vel
1211 1301 1253 1352 ea
1277 1301 1354 1373 quae

234 1503 236 1506 Ι
291 1415 418 1480 natura
438 1407 699 1502 simplicissima
722 1415 815 1478 sunt.
836 1407 936 1486 Quod
952 1407 996 1477 ad
1010 1407 1260 1500 jusjurandum
1274 1405 1355 1476 atti-

291 1541 361 1618 net,
372 1541 508 1604 tantum
524 1534 559 1603 id
573 1557 595 1603 a
609 1533 727 1626 puella
741 1533 923 1616 aberit,ut
937 1555 980 1603 ne
995 1533 1184 1604 vetandum
1199 1531 1352 1624 quidem,

292 1669 331 1731 ut
350 1666 547 1754 portentum
560 1667 624 1744 est,
647 1659 729 1728 Vivi
748 1682 823 1729 esse
837 1659 1010 1730 videatur.

342 1784 540 1877 Saepissime
555 1785 659 1854 etiam
673 1784 790 1854 evenit
804 1791 842 1853 ut
860 1782 976 1876 puella
986 1806 1064 1876 quae
1083 1782 1236 1853 formosa
1250 1781 1358 1874 vulgo

293 1910 454 1994 habetur,
467 1917 538 1980 aut
558 1933 594 1980 se
612 1908 803 1979 formosam
826 1932 902 1980 esse
921 1908 1043 1993 credit,
1065 1908 1140 1978 sine
1162 1930 1270 1979 causa
1295 1931 1373 1978 nec.

188 2063 192 2070 ·
293 2054 362 2102 non
377 2033 452 2103 sine
466 2018 536 2102 fine
548 2033 661 2102 ridere
676 2032 798 2102 soleat.
815 2032 905 2110 Eam
920 2032 1054 2102 diceres
1069 2031 1359 2124 praetereuntibus

291 2157 435 2251 injicere
450 2157 539 2226 velle
549 2157 740 2226 maximam
751 2155 1209 2248 sui'admirationem,quum
1219 2162 1361 2249 propter

292 2281 427 2352 futilem
438 2283 626 2374 quamdam
642 2281 861 2351 alacritatem
875 2281 1014 2352 assidue
1028 2281 1070 2352 de
1090 2304 1308 2374 quacumque
1323 2304 1361 2351 re

293 2407 417 2488 rideat,
438 2415 475 2477 ut
496 2407 525 2475 si
541 2408 617 2498 quis
632 2405 774 2476 calvitio
789 2405 936 2488 laboret,
953 2413 1013 2477 aut
1029 2429 1138 2499 pravo
1156 2407 1241 2499 pede
1256 2404 1360 2476 clau-

292 2532 395 2615 dicet,
410 2540 470 2601 aut
487 2533 640 2623 ineptum
656 2531 839 2622 protulerit
855 2531 995 2623 aliquod
1014 2532 1169 2614 verbum,
1180 2538 1241 2602 aut
1255 2537 1360 2624 caput

293 2660 384 2729 male
400 2659 594 2750 quadrante
618 2657 708 2750 pileo
724 2659 912 2749 operuerit,
936 2665 997 2728 aut
1021 2658 1051 2729 si
1075 2658 1163 2728 forte
1179 2658 1214 2727 in
1236 2681 1359 2728 nasum

293 2807 415 2855 musca
442 2806 502 2875 per
530 2781 754 2852 intervallum
788 2782 1009 2852 involaverit.
1046 2783 1123 2860 Qua
1151 2783 1192 2853 de
1226 2805 1262 2853 re
1291 2806 1360 2852 non

293 2909 433 3002 illepide
448 2909 614 2978 disseruit
627 2908 737 2978 Vives
757 2907 826 3000 (l).

342 3036 500 3107 Pendent
514 3035 620 3104 etiam
635 3035 677 3104 de
694 3056 830 3104 morum
846 3034 1014 3104 civilitate
1030 3037 1189 3126 quaedam
1204 3037 1360 3128 corporis

291 3161 571 3244 exercitationes,
600 3183 678 3252 quae
707 3159 812 3229 simul
837 3168 870 3230 et
899 3158 1002 3229 ludus
1017 3166 1051 3229 et
1071 3161 1241 3231 relaxatio
1263 3168 1356 3232 sunt.

292 3286 348 3356 Sic
369 3286 539 3378 imprimis
554 3308 623 3355 non
643 3286 692 3354 ita
709 3285 830 3377 probat
844 3285 954 3355 Vives
974 3285 1126 3377 puellam
1145 3286 1227 3356 huic
1242 3285 1360 3368 indul·

291 3435 374 3504 gere
393 3411 585 3494 saltationi,
614 3410 650 3479 in
676 3432 745 3501 qua
768 3409 863 3479 haud
892 3409 1085 3501 injucunda
1108 3433 1191 3480 sane
1222 3412 1362 3503 vigebat

290 3534 352 3605 illa
371 3535 597 3618 consuetude,
621 3534 744 3604 suavia
769 3533 901 3603 scilicet
920 3534 997 3603 dari
1022 3534 1189 3627 reddique
1198 3558 1207 3622 ;
1234 3536 1361 3629 quippe

291 3662 349 3752 qui
372 3668 528 3731 censeret
552 3661 596 3730 ad
621 3661 815 3731 acuendam
838 3660 1021 3731 libidinem
1046 3662 1122 3730 haec
1146 3662 1269 3731 suavia
1290 3663 1360 3732 vim

290 3784 419 3855 habere
443 3784 648 3867 mavimam,
671 3789 705 3853 et
731 3784 902 3876 imprimis
926 3785 1129 3877 pudicitiam
1153 3786 1357 3878 periclitari,

291 3932 398 4001 quum
414 3901 555 3980 saltatio
575 3916 626 3978 tot
646 3908 829 3978 hominum
849 3909 961 3979 oculis
976 3916 1191 4003 spectaretur
1207 3912 1274 4003 (2).

339 4031 425 4100 Haec
450 4053 530 4100 vero
558 4031 739 4099 hactenus.
774 4031 888 4108 Quum
918 4033 995 4123 jam
1024 4032 1193 4124 quidquid
1224 4034 1259 4102 in
1293 4036 1360 4106 hac

290 4157 423 4226 ratione
438 4154 740 4246 reperiturordine
757 4153 929 4246 persecuti
942 4157 1049 4226 simus
1070 4165 1104 4227 et
1120 4180 1180 4250 per
1199 4157 1359 4249 singulas

323 4412 356 4474 (1)
373 4411 438 4460 Viv.
455 4412 495 4459 Dc
507 4412 579 4459 last.
599 4412 680 4470 soevvv.
693 4410 802 4469 christ,
817 4410 849 4458 Τ.
871 4409 912 4459 II.
929 4410 962 4459 L.
979 4411 1003 4459 I.
1019 4411 1052 4461 C.
1074 4411 1125 4460 xl.
1146 4428 1176 4476 p.
1191 4413 1249 4462 679,

323 4501 354 4560 (2)
370 4500 414 4549 Id.
433 4500 559 4558 rrum.
577 4499 614 4548 Il.
629 4499 662 4547 1..
684 4499 706 4546 l.
722 4499 753 4548 C.
773 4499 835 4548 xu.
857 4514 885 4562 p.
900 4499 957 4549 682.
